3032 4619
622 496 778 558 aber
823 492 1025 557 leicht
1073 492 1319 558 wieder
1365 511 1512 557 vom
1560 491 2466 574 Regierungs-Aberglauben
2521 492 2661 555 hin-

621 584 874 648 reissen
946 584 1079 648 und
1150 585 1276 664 gab
1358 582 1498 647 sich
1570 583 1776 646 selbst
1853 583 1998 646 eine
2045 581 2443 663 Regierung.
2536 582 2663 645 Die

619 675 1140 752 Konsequenzen
1175 674 1389 737 davon
1422 672 1567 736 sind
1593 676 1866 735 sattsam
1916 672 2225 736 bekannt.
2305 672 2397 734 Es
2430 673 2661 735 sandte

622 763 802 827 seine
880 763 1014 827 ihm
1093 765 1461 844 ergebenen
1508 763 1784 826 Männer
1860 763 2028 825 nach
2108 762 2251 825 dem
2306 761 2659 825 Rathause.

618 855 804 933 Dort,
866 858 1059 918 unter
1107 854 1378 918 Stössen
1437 852 1949 917 beschriebenen
1998 852 2311 931 Papieres
2369 872 2488 915 zur
2532 852 2660 916 Un-

621 943 933 1024 tätigkeit
979 944 1362 1022 verdammt,
1413 961 1634 1006 waren
1707 941 1884 1005 diese
1956 960 2359 1023 gezwungen
2415 961 2496 1005 zu
2565 962 2662 1005 rve-

620 1034 865 1115 gieren.
918 1035 1230 1097 während
1278 1033 1383 1096 ihr
1429 1032 1719 1096 Instinkt
1775 1032 1972 1095 ihnen
2042 1031 2280 1111 befahl,
2331 1031 2450 1094 mit
2519 1032 2663 1095 dem

619 1124 823 1188 Volke
859 1144 938 1187 zu
988 1123 1129 1188 sein
1164 1125 1296 1187 und
1331 1128 1647 1187 vorwärts
1681 1142 1763 1186 zu
1799 1122 2145 1186 schreiten.
2224 1121 2659 1203 Gezwungen,

621 1235 700 1278 zu
776 1214 1203 1278 debattieren.
1279 1233 1376 1277 wo
1427 1214 1727 1276 Handeln
1775 1213 1905 1275 Not
1976 1218 2172 1293 getan
2245 1213 2445 1292 hätte,
2520 1232 2661 1274 ver-

619 1304 802 1367 loren
852 1304 947 1367 sie
1001 1304 1105 1367 die
1153 1304 1463 1383 Fühlung
1510 1303 1627 1365 mit
1679 1304 1794 1365 der
1825 1303 2044 1364 Masse
2092 1302 2225 1364 und
2274 1302 2475 1365 sahen
2524 1302 2661 1364 sich

621 1395 1027 1458 schliesslich
1100 1393 1392 1475 unfähig,
1457 1399 1658 1458 etwas
1732 1413 1813 1456 zu
1882 1392 2137 1456 leisten.
2234 1393 2663 1473 Lahmgelegt

623 1487 824 1547 durch
874 1485 1016 1547 ihre
1069 1485 1424 1564 Trennung
1472 1502 1599 1548 von
1650 1483 1795 1546 dem
1829 1483 2052 1545 Volke.
2107 1484 2247 1545 dem
2281 1483 2498 1546 Herde
2549 1484 2664 1544 der

617 1574 1029 1637 Revolution.
1080 1574 1303 1654 legten
1353 1573 1447 1636 sie
1498 1574 1703 1636 selbst
1761 1592 1881 1652 gar
1950 1572 2103 1635 bald
2178 1571 2280 1634 die
2329 1571 2661 1634 Initiative

622 1665 733 1727 des
783 1665 1021 1728 Volkes
1069 1664 1262 1728 lahm.

798 1845 1212 1908 Entstanden
1291 1844 1603 1907 während
1682 1843 1863 1906 einer
1941 1842 2656 1922 Uebergangsperiode,

621 1934 688 1998 in
737 1935 1018 1998 welcher
1069 1933 1171 1997 die
1206 1934 1406 1997 Ideen
1458 1935 1569 1997 des
1607 1932 2030 1997 Sozialismus
2079 1932 2210 1997 und
2262 1933 2374 1995 des
2400 1931 2662 1995 Auton-

619 2025 1088 2104 tätsprinzipes
1180 2024 1326 2087 eine
1420 2024 1803 2103 gründliche
1882 2024 2282 2102 Aenderung
2375 2022 2663 2102 erleiden

620 2121 937 2190 mussten:
977 2133 1080 2176 am
1114 2116 1431 2194 Ausgang
1466 2113 1644 2176 eines
1680 2112 1958 2192 Krieges
1992 2118 2185 2176 unter
2222 2113 2345 2175 den
2378 2112 2661 2191 preussi-

622 2206 817 2267 schen
845 2204 1164 2268 Kanonen
1216 2204 1318 2267 ins
1345 2203 1568 2267 Leben
1617 2201 1908 2284 eernfen.
1962 2207 2204 2266 musste
2258 2201 2361 2265 die
2399 2201 2664 2265 Pariser

616 2296 975 2358 Kommune
1024 2293 1454 2375 unterliegen.

797 2384 1016 2447 Allein
1091 2384 1294 2448 durch
1342 2383 1528 2446 ihren
1578 2384 2070 2463 hervorragend
2119 2381 2661 2445 volkstümlichen

621 2476 987 2538 (Charakter
1033 2493 1171 2537 war
1220 2473 1316 2537 sie
1390 2472 1682 2551 berufen.
1737 2473 1880 2536 eine
1954 2492 2115 2535 neue
2166 2474 2340 2535 Aera
2408 2470 2476 2534 In
2548 2472 2664 2534 der

616 2565 823 2629 Reihe
874 2565 990 2628 der
1013 2564 1490 2629 Revolutionen
1542 2564 1952 2631 einzuleiten,
2006 2563 2139 2626 und
2190 2563 2394 2626 durch
2441 2561 2547 2626 die
2596 2562 2662 2625 in

618 2656 722 2717 ihr
792 2655 1102 2735 lebendig
1175 2655 1607 2735 gewordenen
1656 2655 1854 2716 Ideen
1904 2654 2086 2717 ward
2147 2652 2243 2715 sie
2316 2671 2459 2714 zum
2508 2652 2663 2714 Vor-

617 2743 829 2807 läufer
901 2745 1016 2808 der
1088 2762 1360 2825 grossen
1435 2743 1721 2806 sozialen
1770 2743 2184 2806 Revolution.
2279 2741 2405 2804 Die
2475 2760 2662 2804 uner-

616 2836 851 2898 hörten
899 2853 1290 2916 grausamen
1338 2834 1745 2897 Metzeleien.
1799 2833 1918 2896 mit
1965 2832 2256 2897 welchen
2305 2831 2411 2895 die
2456 2831 2660 2895 bour-

619 2924 868 3006 geoisie
920 2927 1046 2988 den
1093 2925 1243 2987 Fall
1316 2926 1430 2987 der
1477 2925 1836 2987 Kommune
1911 2923 2162 3000 feierte,
2216 2921 2320 2984 die
2368 2920 2663 3002 niedrige

615 3015 859 3093 Rache,
919 3015 1162 3078 welche
1239 3014 1417 3078 diese
1476 3015 1742 3076 Henker
1814 3013 2016 3085 durch
2086 3031 2259 3075 neun
2304 3012 2508 3075 Jahre
2581 3030 2663 3073 an

618 3106 806 3168 ihren
857 3103 1285 3184 Gefangenen
1337 3107 1554 3169 ühten.
1610 3105 1823 3166 dieses
1851 3102 2130 3166 Wühlen
2179 3102 2248 3165 in
2279 3102 2661 3165 Menschen-

616 3195 844 3259 fleisch
889 3197 1008 3258 hat
1057 3196 1204 3258 eine
1233 3195 1423 3259 Kluft
1458 3195 1785 3257 zwischen
1816 3192 2247 3274 Bourgeoisie
2279 3192 2413 3256 und
2442 3192 2662 3255 Prole-

616 3285 820 3348 tariat
867 3286 1199 3362 errichtet,
1231 3285 1335 3348 die
1361 3285 1636 3346 niemals
1665 3284 1911 3347 wieder
1958 3283 2356 3346 überbrückt
2401 3281 2663 3345 werden

615 3377 811 3438 kann.
908 3375 983 3438 In
1035 3376 1150 3438 der
1198 3376 1510 3439 nächsten
1538 3372 1934 3439 Revolution
1965 3372 2132 3438 wird
2181 3373 2298 3435 das
2344 3370 2661 3434 französi-

619 3467 771 3529 sche
819 3465 985 3529 Volk
1034 3466 1293 3544 wissen,
1324 3484 1457 3530 was
1510 3484 1579 3527 es
1629 3483 1710 3527 zu
1757 3468 1873 3527 tun
1922 3465 2063 3539 hat:
2094 3480 2164 3526 es
2213 3462 2377 3526 wird
2401 3460 2658 3540 wissen,

617 3575 750 3620 was
801 3555 1019 3619 seiner
1064 3558 1269 3635 harrt,
1320 3575 1510 3620 wenn
1561 3572 1629 3617 es
1691 3554 1816 3616 den
1865 3552 2021 3633 Sieg
2077 3550 2259 3614 nicht
2314 3571 2397 3615 zu
2451 3550 2660 3615 einem

618 3646 1174 3711 entscheidenden
1222 3646 1458 3725 macht.
1514 3644 1644 3709 und
1692 3663 1763 3707 es
1818 3642 1985 3708 wird
2047 3642 2301 3707 danach
2346 3641 2657 3706 handeln!

796 3737 940 3800 Wir
987 3736 1228 3801 wissen
1275 3756 1429 3815 nun,
1483 3737 1634 3799 dass
1686 3753 1770 3798 an
1821 3735 1965 3797 dem
1991 3734 2190 3814 Tage,
2243 3752 2327 3796 an
2350 3732 2656 3798 welchem

616 3826 679 3890 in
756 3826 1166 3889 Frankreich
1247 3825 1351 3890 die
1420 3825 1830 3889 Kommunen
1906 3822 2304 3888 revoltieren
2371 3823 2653 3899 werden,

620 3916 758 3980 sich
818 3916 936 3979 das
987 3916 1152 3979 Volk
1209 3916 1402 3979 keine
1449 3914 1831 3996 Regierung
1877 3914 2044 3979 wird
2090 3913 2348 3980 wählen
2405 3911 2656 3990 dürfen,

619 4027 726 4071 um
750 4026 879 4073 von
931 4007 1275 4072 derselben
1325 4005 1431 4070 die
1456 4006 1866 4086 Anordnung
1912 4004 2434 4071 revolutionärer
2451 4003 2660 4066 Mass-

617 4099 898 4161 nahmen
932 4117 1014 4161 zu
1040 4100 1382 4162 erwarten.
1479 4096 1816 4161 Nachdem
1865 4094 1979 4159 die
2026 4093 2439 4176 gefrässigen
2461 4092 2673 4156 Para-

618 4187 791 4252 siten
860 4186 1287 4253 unschädlich
1360 4187 1664 4269 gemacht
1734 4184 1875 4250 sein
1944 4186 2227 4266 werden,
2284 4182 2452 4250 wird
2520 4182 2658 4247 sich

612 4281 734 4344 das
830 4279 999 4345 Volk
1047 4280 1161 4343 des
1234 4297 1488 4360 ganzen
1565 4276 2208 4359 gesellschaftlichen
2277 4273 2656 4339 BReichtums
