3014 4608
1416 330 1499 337 —
1607 293 1681 354 WW
1774 329 1855 336 —

627 472 1056 536 Wiederkehr
1128 471 1341 536 dieses
1400 471 1912 553 denkwürdigen
1961 472 2173 553 Tages
2232 471 2529 536 feierlich
2579 492 2659 537 zu

626 563 939 644 begehen,
991 563 1123 627 und
1168 563 1237 626 in
1265 563 1381 627 der
1403 563 1825 644 Erinnerung
1856 581 1939 625 an
1973 561 2197 627 diesen
2224 565 2366 644 Tag
2396 565 2659 628 werden

625 653 1242 717 Hunderttausende
1319 671 1446 716 von
1525 652 2068 717 Arbeiterherzen
2161 653 2247 716 im
2323 653 2661 733 Einklang

629 744 957 823 schlagen,
1040 742 1180 805 sich
1249 744 1410 806 über
1480 742 1778 806 Grenzen
1852 742 1985 805 und
2057 743 2444 806 Weltmeere
2515 762 2658 808 ver-

625 834 930 912 brüdern.
1005 834 1073 896 in
1119 833 1401 913 Europa.
1476 832 1543 895 in
1604 833 1726 896 den
1774 831 2197 913 Vereinigten
2248 833 2538 912 Staaten,
2592 834 2655 896 in

629 923 1074 987 Südamerika.
1152 924 1267 985 der
1323 923 1677 1003 Erhebung
1753 924 1865 986 des
1913 923 2179 985 Pariser
2228 923 2658 986 Proletariats

627 1014 1032 1094 gedenkend.

799 1103 990 1166 Denn
1039 1104 1155 1165 der
1181 1102 1514 1166 Gedanke.
1566 1106 1671 1165 für
1720 1103 2009 1166 welchen
2060 1103 2188 1164 das
2211 1101 2657 1166 französische

622 1193 1017 1257 Proletariat
1087 1212 1214 1257 von
1262 1193 1451 1256 Paris
1503 1193 1642 1257 sein
1690 1192 1847 1256 Blut
1894 1193 2305 1273 verspritzte.
2380 1192 2486 1255 fir
2535 1195 2658 1257 den

623 1302 692 1346 es
743 1303 825 1346 an
875 1285 999 1345 den
1069 1284 1321 1345 Küsten
1370 1283 1982 1345 Neu-Kaledoniens
2055 1284 2337 1369 gelitten
2387 1284 2520 1345 hat.
2574 1285 2661 1346 ist

624 1373 804 1437 einer
843 1374 1031 1454 jener
1080 1372 1461 1436 Gedanken.
1538 1373 1639 1437 die
1690 1372 1756 1435 in
1817 1373 1956 1436 sich
2018 1372 2211 1436 alleiı
2264 1374 2462 1437 schon
2514 1374 2655 1437 eine

625 1482 831 1545 ganze
877 1462 1270 1527 Revolution
1318 1465 1583 1543 bergen.
1643 1462 1749 1526 ein
1799 1462 2132 1542 Gedanke.
2187 1469 2376 1526 unter
2425 1465 2655 1527 dessen

622 1554 886 1616 Banner
931 1553 1140 1616 Raum
1189 1552 1279 1615 ist
1309 1552 1415 1615 für
1448 1554 1572 1616 alle
1600 1553 2128 1616 revolutionären
2161 1554 2659 1634 Bestrebungen

622 1644 739 1707 der
786 1642 963 1706 ihrer
1008 1642 1307 1707 Freiheit
1354 1644 2021 1724 entgegengehenden
2070 1643 2328 1706 Völker.

800 1733 1198 1814 Allerdings,
1258 1752 1448 1797 wenn
1495 1733 1616 1797 wir
1671 1753 1790 1797 uns
1843 1733 2369 1797 ausschliesslich
2423 1754 2501 1796 au
2555 1735 2655 1796 die

625 1823 1009 1886 wirklichen
1097 1824 1230 1887 und
1308 1822 1692 1902 ereifbaren
1787 1825 1993 1888 "Taten
2090 1824 2204 1886 der
2296 1823 2655 1886 Kommune

623 1912 848 1977 halten
895 1913 1181 1991 würden,
1243 1914 1416 1977 dann
1462 1919 1724 1977 müssen
1773 1913 1893 1979 wir
1941 1931 2163 1994 sagen,
2239 1914 2390 1976 «dass
2444 1913 2658 1977 dieser

621 2004 934 2067 Gedanke
1000 2003 1183 2066 nicht
1253 2003 1630 2068 umfassend
1700 2023 1917 2084 genug
1973 2024 2127 2082 war.
2205 2004 2354 2066 däss
2416 2025 2485 2066 er
2532 2024 2656 2068 nur

621 2093 812 2156 einen
861 2093 1164 2174 einzigen
1211 2093 1353 2156 Teil
1429 2094 1539 2156 des
1612 2094 2136 2157 revolutionären
2200 2094 2653 2173 Programmes

623 2181 914 2247 enthielt.
995 2184 1172 2247 Aber
1218 2202 1406 2248 wenn
1455 2184 1575 2248 wir
1621 2202 1740 2247 uns
1790 2183 2117 2265 hingegen
2169 2203 2250 2247 an
2301 2184 2422 2247 den
2475 2203 2654 2247 revo-

617 2274 988 2338 lutionären
1068 2272 1258 2337 Geist
1334 2274 1576 2338 halten.
1651 2275 1931 2339 welcher
2011 2275 2113 2338 die
2192 2274 2652 2337 Volksmassen

618 2363 745 2426 seit
817 2364 932 2427 der
998 2364 1359 2443 Erhebung
1430 2364 1542 2426 des
1621 2364 1719 2425 18.
1769 2364 1953 2427 März
2027 2364 2329 2442 beseelte
2406 2383 2487 2427 an
2552 2365 2653 2427 die

622 2454 1040 2534 Tendenzen,
1115 2453 1359 2518 welche
1441 2454 1580 2516 sich
1660 2473 1777 2517 zur
1857 2453 2143 2535 Geltung
2223 2473 2303 2516 zu
2381 2453 2656 2535 brigen

618 2546 911 2608 strebten
988 2545 1122 2608 und
1198 2545 1392 2607 keine
1441 2545 1587 2607 Zeit
1664 2546 1909 2622 hatten.
1987 2564 2066 2607 zu
2136 2544 2505 2608 Tatsachen
2578 2565 2656 2607 zu

619 2635 902 2712 werden,
978 2634 1126 2700 weil
1174 2633 1268 2697 sie
1318 2635 1519 2697 schon
1565 2633 1634 2697 in
1685 2635 1800 2697 der
1846 2635 2109 2714 Knospe
2161 2639 2352 2697 unter
2404 2636 2655 2715 Bergen

614 2742 743 2786 von
789 2723 1078 2787 Leichen
1126 2723 1402 2787 erstickt
1448 2724 1716 2787 wurden
1776 2762 1860 2767 —
1959 2724 2132 2787 dann
2203 2724 2464 2787 werden
2539 2724 2658 2787 wır

618 2813 722 2876 die
770 2833 977 2885 ganze
1026 2813 1394 2896 Tragweite
1437 2815 1625 2895 jener
1667 2815 2026 2896 Erhebung
2074 2815 2206 2878 und
2255 2814 2357 2878 die
2395 2822 2657 2897 Sympa-

614 2904 796 2967 thien
843 2906 1209 2978 verstehen,
1262 2906 1502 2968 welche
1555 2905 1650 2967 sie
1678 2906 1801 2968 den
1826 2905 2394 2968 Arbeitermassen
2429 2906 2657 2967 heider

615 2993 872 3057 Weiten
921 2993 1232 3058 einflösst.
1300 2993 1425 3057 Die
1474 2994 1834 3058 Kommune
1882 2994 2246 3075 begeistert
2267 2994 2372 3057 die
2403 2996 2655 3058 Herzei

617 3082 800 3148 nicht
848 3085 1049 3148 durch
1100 3085 1236 3149 das.
1312 3103 1444 3148 was
1507 3085 1600 3148 sie
1651 3088 1849 3166 getan
1894 3085 2028 3164 hat,
2104 3085 2384 3148 sondern
2456 3085 2654 3149 durch

624 3176 759 3252 das,
811 3194 946 3238 was
997 3176 1089 3238 sie
1142 3176 1429 3238 dereinst
1481 3196 1560 3237 zu
1609 3180 1725 3237 tun
1773 3176 2094 3237 imstande
2144 3175 2250 3237 ist.

796 3520 1037 3582 Woher
1131 3525 1391 3583 stammt
1487 3521 1637 3599 jene
1734 3519 2345 3584 unwiderstehliche
2439 3518 2654 3596 Kraft,

622 3610 864 3675 welche
940 3610 1043 3673 die
1103 3609 1525 3691 Sympathien
1599 3609 1763 3673 aller
1830 3609 2347 3673 unterdrückten
2392 3610 2657 3674 Massen

622 3699 738 3764 auf
804 3700 909 3764 die
957 3701 1315 3781 Erhebung
1386 3720 1512 3765 von
1586 3700 1749 3763 1571
1830 3699 2068 3764 lenkt?
2161 3700 2474 3765 Welchen
2532 3699 2655 3764 Ge-

623 3792 882 3853 danken
929 3790 1196 3856 vertritt
1247 3791 1351 3853 die
1376 3790 1737 3853 Kommune
1785 3809 1911 3854 von
1940 3789 2180 3853 Paris?
2238 3790 2387 3854 Und
2412 3807 2652 3854 warum

617 3881 708 3943 ist
755 3879 971 3944 dieser
1019 3880 1334 3945 Gedanke
1406 3898 1476 3944 so
1527 3879 1892 3944 anziehend
1938 3882 2046 3943 für
2102 3879 2209 3944 die
2258 3879 2658 3943 Proletarier

613 3970 778 4035 aller
820 3970 1102 4051 Länder,
1154 3970 1318 4035 aller
1364 3967 1659 4035 Völker
1621 3967 1659 4051 ?

785 4061 913 4125 Die
960 4064 1260 4127 Antwort
1339 4061 1427 4124 ist
1502 4060 1722 4125 leicht.
1844 4061 1969 4125 Die
2050 4060 2448 4125 Revolution
2528 4079 2654 4122 von

614 4152 779 4214 1871
861 4171 1000 4217 war
1076 4153 1144 4215 in
1220 4152 1815 4233 hervorragendem
1896 4151 2115 4214 Masse
2197 4150 2340 4213 eme
2437 4150 2675 4215 volks-.
