3033 4620
1174 362 1257 368 —
1359 326 1439 385 11
1534 363 1619 369 —

379 504 849 587 bemächtigen,
899 523 1007 568 um
1056 504 1410 568 denselben
1458 505 1624 568 nach
1684 504 1808 568 den
1856 503 2238 586 Prinzipien
2302 507 2417 571 des

377 594 998 660 kommunistischen
1048 594 1517 658 Anarchismus
1590 615 1737 659 zum
1810 594 2416 677 Gemeineigentum

377 707 458 749 zu
527 687 815 749 machen.
913 685 1062 749 Und
1132 685 1449 747 nachdem
1520 704 1589 748 es
1660 685 1781 748 mit
1826 685 2415 766 Privateigentum.

376 777 564 840 Staat
633 776 767 840 und
814 774 1195 856 Regierung
1244 774 1646 856 vollständig
1703 773 2123 855 aufgeräumt
2203 777 2411 840 haben

377 866 559 941 wird,
609 885 785 930 muss
834 884 902 929 es
952 865 1091 929 sich
1151 864 1277 928 frei
1326 864 1795 946 organisieren,
1847 886 1972 930 nur
2023 867 2213 947 jener
2260 867 2417 930 Not-

376 956 775 1036 wendigkeit
821 955 1256 1036 gehorchend,
1310 955 1415 1017 die
1467 956 1585 1018 das
1611 956 1833 1019 Leben
1862 957 2069 1019 selbst
2119 955 2408 1020 diktiert.

375 1046 458 1109 So
532 1045 673 1108 ihre
743 1045 986 1108 Ketten
1059 1045 1190 1107 und
1262 1044 1555 1108 falschen
1631 1045 1864 1110 Götter
1936 1046 2001 1109 in
2077 1046 2418 1109 Trümmer

376 1136 721 1215 brechend,
773 1135 937 1200 wird
1010 1134 1115 1198 die
1161 1133 1574 1199 Menschheit
1644 1135 1826 1199 einer
1871 1136 2242 1199 herrlichen
2290 1137 2412 1200 Zu-

373 1225 566 1290 kunft
611 1227 1167 1306 entgegengehen,
1221 1226 1316 1287 sie
1342 1226 1507 1289 wird
1555 1225 1887 1289 fernerhin
1914 1228 2134 1289 weder
2154 1227 2407 1289 Herren

374 1318 538 1378 noch
587 1316 871 1379 Sklaven
930 1317 1184 1378 kennen
1236 1317 1369 1378 und
1427 1316 1620 1378 keine
1669 1316 2055 1396 Verehrung
2103 1316 2211 1378 für
2257 1317 2410 1378 Per-

375 1426 575 1469 sonen
620 1407 851 1487 hegen.
905 1405 1000 1469 als
1073 1405 1178 1468 für
1240 1406 1345 1469 die
1396 1405 1583 1469 edlen
1634 1407 1965 1487 Märtyrer
2037 1405 2254 1480 alleın,
2310 1406 2411 1469 die

365 1499 517 1575 jene
578 1502 795 1559 ersten
842 1496 1743 1574 Emanzipations-Versuche
1794 1497 1911 1558 mit
1961 1497 2171 1559 ihrem
2219 1497 2411 1559 Blute

377 1588 504 1649 und
561 1586 746 1650 Ihren
817 1585 1332 1648 tausendfachen
1382 1585 1633 1648 Leiden
1678 1586 2046 1664 bezahlten,
2100 1588 2232 1649 und
2308 1587 2410 1648 die

373 1696 493 1740 uns
543 1676 656 1740 auf
719 1677 859 1740 dem
910 1676 1113 1756 Wege
1186 1695 1302 1739 zur
1349 1675 1733 1758 Erringung
1807 1677 1921 1740 der
1969 1675 2267 1740 Freiheit
2341 1696 2410 1739 so

372 1766 649 1830 herrlich
703 1768 1297 1830 voranleuchteten.

1329 1911 1446 1973 IH.

552 2038 676 2101 Die
735 2037 1149 2101 öffentlichen
1199 2038 1797 2117 Veranstaltungen
1861 2039 1992 2100 und
2048 2039 2405 2099 Versaun:-

373 2129 630 2201 luneen.
687 2128 790 2190 die
841 2146 941 2189 am
995 2127 1095 2188 18.
1147 2128 1329 2188 März
1382 2147 1463 2189 an
1514 2127 1685 2189 ailen
1721 2127 1943 2190 Orten.
1997 2128 2064 2189 in
2122 2127 2406 2189 welchen

374 2238 439 2281 es
493 2217 965 2280 sozialistische
1003 2217 1510 2297 Verbindungen
1560 2217 1758 2298 giebt.
1812 2218 2215 2295 stattfinden,
2268 2234 2408 2278 ver-

375 2310 603 2371 dienen
677 2327 908 2372 unsere
980 2308 1150 2371 völle
1199 2308 1584 2388 Beachtung
1652 2307 1831 2370 nicht
1901 2327 2025 2371 nur
2096 2308 2191 2370 als
2265 2307 2410 2370 eine

379 2399 832 2479 Kundgebung
883 2398 997 2459 der
1043 2396 1559 2476 proletarischen
1588 2399 1840 2460 Armee.
1896 2399 2180 2460 sondern
2218 2399 2406 2459 eben-

371 2489 595 2550 sosehr
667 2488 762 2551 als
837 2487 937 2549 ein
999 2487 1347 2549 Ausdruck
1422 2488 1537 2549 der
1609 2485 1906 2550 Gefühle
1983 2487 2226 2550 welche
2322 2486 2404 2547 die

370 2578 758 2642 Sozialisten
829 2577 1054 2641 beider
1124 2576 1516 2642 Erdhälften
1590 2578 1910 2641 beseelen.
2019 2577 2156 2640 Auf
2226 2576 2404 2640 diese

367 2674 489 2731 Art
538 2671 706 2731 kann
759 2688 908 2731 man
957 2671 1182 2730 besser
1232 2669 1326 2729 als
1381 2669 1581 2731 durch
1634 2669 1760 2731 alle
1814 2669 2195 2730 denkbaren
2244 2666 2403 2728 Auf-

368 2760 731 2839 zählungen
785 2759 1156 2820 Heerschau
1228 2757 1449 2819 halten
1521 2758 1653 2820 und
1703 2757 2202 2836 Bestrebungen
2275 2756 2399 2818 frei

366 2849 801 2927 formulieren.
862 2849 1028 2911 ohne
1101 2846 1240 2910 sich
1300 2866 1425 2910 von
1496 2849 1617 2910 den
1667 2847 2211 2927 Einwendungen
2286 2847 2400 2909 der

367 2939 776 3001 Wahltaktik
824 2938 1261 3001 beeinflussen
1309 2939 1529 3000 lassen
1579 2958 1659 3000 zu
1709 2944 1987 3000 müssen.

548 3030 693 3092 Und
740 3028 804 3090 in
859 3029 974 3090 der
1006 3029 1129 3089 Tat
1177 3029 1629 3090 beschränken
1680 3028 1817 3089 sich
1871 3027 1974 3089 die
2022 3047 2103 3089 an
2158 3027 2400 3089 diesem

365 3119 544 3198 Tage
593 3119 1086 3183 versammelten
1138 3118 1538 3181 Proletarier
1587 3118 1766 3180 wicht
1828 3116 2079 3196 darauf,
2135 3116 2273 3180 sich
2336 3115 2400 3177 m

365 3209 902 3289 Lobpreisungen
974 3209 1087 3271 des
1138 3209 1603 3271 Heldenmutes
1678 3208 1790 3270 des
1840 3208 2108 3270 Pariser
2180 3207 2402 3269 Prole-

366 3298 638 3362 tariates
710 3319 791 3361 zu
863 3299 1146 3379 ergehen
1221 3300 1378 3360 oder
1451 3298 1613 3360 nach
1665 3297 1886 3360 Rache
1947 3317 2028 3360 zu
2101 3296 2396 3358 schreien

363 3391 468 3452 für
526 3388 631 3453 die
678 3388 1325 3453 Massenmetzeleien
1389 3388 1502 3451 des
1551 3387 1685 3451 Mai
1740 3387 1929 3448 1571.
2032 3387 2252 3450 Indem
2306 3386 2400 3450 sie

366 3479 471 3543 die
519 3480 1017 3559 Erinnerungen
1068 3498 1146 3542 an
1201 3480 1324 3542 den
1397 3478 1923 3558 heldenmütigen
1974 3477 2220 3556 Kampf
2287 3476 2402 3538 der

362 3570 629 3633 Pariser
698 3570 1150 3647 austauschen.
1221 3569 1428 3648 gehen
1504 3569 1597 3630 sie
1671 3567 2092 3647 gleichzeitig
2150 3566 2393 3629 weiter.

363 3659 476 3730 Sie
545 3659 946 3724 diskutieren
1015 3659 1120 3722 die
1168 3659 1444 3732 Lehren.
1509 3658 1612 3722 die
1686 3677 1824 3722 aus
1873 3659 1987 3721 der
2034 3657 2394 3720 Kommwe

362 3770 489 3821 von
565 3752 727 3813 1871
815 3769 1104 3830 gezogen
1179 3750 1440 3813 werden
1512 3754 1792 3812 müssen.
1914 3748 2019 3811 Sie
2092 3747 2388 3810 forschen

362 3842 524 3903 nach
601 3843 724 3904 den
772 3840 1057 3904 Fehlern
1132 3840 1247 3902 der
1318 3839 1697 3917 NKommtmne.
1768 3839 1899 3901 und
1973 3856 2149 3901 zwar
2220 3836 2399 3898 nicht

364 3931 652 4011 deshalb,
687 3950 794 3994 um
836 3949 919 3992 an
968 3930 1092 3993 den
1124 3930 1479 3993 Menschen
1510 3928 1735 3991 Kritik
1769 3948 1848 3991 zu
1883 3930 2070 4006 üben,
2110 3928 2390 3990 sondern

362 4041 470 4085 um
515 4021 1002 4099 klarzustellen,
1056 4020 1178 4085 wie
1240 4020 1341 4083 die
1394 4019 1779 4098 Vorurteile.
1834 4019 1938 4082 die
2012 4017 2260 4081 damals
2311 4017 2392 4079 nn

360 4114 601 4176 Innern
667 4113 782 4175 der
852 4111 1365 4191 proletarischen
1425 4109 1974 4191 Organisationen
2050 4111 2207 4171 über
2277 4109 2391 4170 das

359 4202 710 4285 Kigentum
780 4202 909 4266 und
983 4201 1087 4265 die
1135 4200 1470 4265 Autorität
1534 4201 1935 4279 herrschten.
1990 4200 2093 4263 die
2144 4198 2393 4262 revolu-

360 4293 613 4358 tionäre
659 4294 810 4359 Idee
862 4294 1065 4357 daran
1122 4293 1487 4372 hinderten.
1541 4292 1680 4356 sich
1729 4312 1810 4355 zu
1859 4291 2195 4367 entfalten.
2250 4308 2391 4352 aus-
