800 1185
50 47 692 91 da grße Mittel zu erblicken, das endlich zur Loſung
50 84 692 122 der ſecialen Frage fuhren wud Dieſe Loſung muß
50 115 692 156 aber der Loſung der großen polltiſchen Fragen der
51 149 463 187 Gegenwart unbedingt vorausgehen
79 177 692 218 Mit kleinen Mittelchen behilft man ſich auch n
50 213 692 251 Betreff der lezteren, wahrend auch hier Alles zu einer um
50 245 692 285 faſſenden Neugeſtaltung drängt die der modernen Cwiliſation und
51 277 692 315 dem allgemeinen Friedensbedurfniß der Volk Curopa's
51 310 692 349 entſpricht Das Syſtem des Militarismus und der ein
51 341 692 380 feitigen Selbſthilfe be internationalen Streitigkeiten,
56 374 692 411 — mit einem Worte die Fauſtrechts oder Krtegs
53 406 692 446 muß Seitens der ewilinten Staaten endlich aufgegeben
53 443 161 470 werden
77 468 692 508 Die verſchtedenen Friedensgeſellſchaften verfolgen
53 503 692 542 den loblichen Zweck diſes Mißverhaltni dadurch zu be—
53 535 692 574 ſeitigen, daß ſie fir die Schlichtung imternationaler Conflitt
55 567 692 607 durch jeweilig emzuſetzende Schiedsgertchte eintreten und
54 599 692 638 die offentliche Meimung dafur zu erwarmen ſuchen Di
54 632 692 671 Anhänger des Militarismus machen dem gegenubtr geltend
55 665 692 703 daß keine Gromacht di Cntſcheidung uber ihie eigenen
56 697 692 735 Jntereſſen, ſoweit es ſich nicht um unbedeutende Dinge
56 729 692 767 handelt, aus den Handen geben oder den ewetligen zu er
56 759 692 798 nennenden Schuedsrichtern uberlaſſen konn Jn der That
57 792 692 829 wird auch durch uin bloßesgerlcht s ſyſtem,
56 824 692 862 deſſen Annahme dem Belieben dei enzelnen Machte uber
56 856 692 895 laſſen bleibt der Krieg nicht aus der Welt geſchafft
58 889 692 927 werden Dieſes Zil tſt vtelmeh nur duch eme volker
59 920 692 959 rechtlich zu ſanetlontrende, allgemetn verbindliche
59 954 692 991 und regelmäßige nternatlonalt Gerichtsbarkeit
58 985 692 1021 zu erreichen Das Rechtsprineip muß endlich auch n
78 1023 692 1060 Vgl auch meime Schrift, De Anarchirmu nnd ds
60 1054 692 1090 Recht der Schwachen ode Die drei Grundubel unferer Zeit'
