800 1185
136 256 711 297 Seidem die Ronigin der Wiſſenſchaften, die Philoſophie
81 289 711 329 nicht mehr in Ehren ſteht und ſelbſt das ,,Volk dei Denker''
80 325 711 362 ſich von ihr abzuwenden cheint ſeitdem macht ſich auf allen
79 358 711 394 Gebieten des offentlichen Lebens und bei Erorterung aller
80 389 711 427 weltbewegenden Fragen eine Unklarheit und Verworrenheit
78 422 711 460 bemerklich welche nur allzuſehr dazu angethan iſt, die Lagt,
79 454 711 492 in der die moderne Geſellſchaft ſich befindet, zu erſchweren
78 486 711 527 und ein befriedigende Loſung der obwaltenden Schwieri⸗
78 520 535 557 keiten noch mehr in die Ferne zu rucken
101 550 711 589 Auch heute gelten wenn gleich unter ganz anderen
78 581 711 623 Verhältniſſen di Worte die Thiers am 4 Marz 1840
78 617 637 654 m geſezgebenden Korper von Frankreich ausſprach
187 652 711 686 l ne sutnt pas do lordre mateial l taut aun
176 679 711 714 Ie lordre morl t dirl unn ds unrit
174 710 711 740 er, n but uumn telle at au urd hui ln mnion
173 737 711 766 mposa t ouvarncmant Jhnro t nne l
157 763 679 796 mprendr nous ssiston n rannnollomant
104 789 711 832 Auch heute haben wn un vor Allem klar zu machen,
74 821 711 864 daß wir ener wirthſchaftlichen und palitiſchen Neugeſtaltung ernt
73 857 711 895 gegengehen, zu deren wunſchenswerthem Verlaufe es nothig ware,
73 891 711 927 daß alle wohlmeinenden und tiefer blickenden Geiſter ſich über
73 921 711 963 ein beſtummtes Ziel enigen ebenſo wie uber die Wege, um
74 953 318 989 daſſelbe zu erieichen
97 982 711 1026 Die Thatſache daß alle Fortſchritte der Technik
72 1020 711 1058 nur die Maſchinenarbeit und das Wohl der Maſchinen
71 1051 711 1093 beſitzer fordern, die menſchliche Handarbeit dagegen ver
