3017 4610
1184 350 1260 357 —
1373 313 1623 373 11
1557 313 1623 373 —

389 491 698 555 tümliche
748 491 1142 572 Bewegung.
1240 492 1398 554 Vom
1448 491 1650 555 Volke
1700 492 1904 557 selbst
1952 492 2019 555 in
2066 492 2274 557 Szene
2321 512 2430 575 ge-

391 587 564 652 setzt
611 582 746 645 und
798 601 913 646 aus
964 582 1198 645 dessen
1245 582 1608 646 Innerstem
1667 584 1971 664 „eboren,
2044 580 2204 648 fand
2253 582 2431 647 diese

386 674 772 754 Bewegung
820 672 984 735 auch
1035 671 1102 735 in
1153 673 1270 736 der
1315 672 1570 736 breiten
1618 673 2035 737 Volksmasse
2084 672 2225 737 ihre
2271 674 2430 738 Vor-

386 762 707 841 kämpfer,
788 761 931 824 ihre
991 762 1241 824 Helden
1319 763 1452 825 und
1529 761 1670 825 ihre
1746 763 2073 843 Märtvrer
2142 800 2243 824 —
2299 765 2432 826 und

389 853 604 915 dieses
686 851 1318 933 .miederträchtige“
1395 852 1766 915 Benehmen
1840 852 2007 917 wird
2067 852 2172 917 die
2228 853 2431 918 Bour-

388 942 640 1015 seoisie
691 944 837 1005 dem
885 942 1090 1004 Volke
1138 942 1410 1005 niemals
1460 944 1807 1022 vergeben.
1904 942 2028 1006 Die
2077 943 2247 1022 Idee,
2325 944 2430 1007 die

389 1033 568 1094 diese
618 1030 1012 1094 Revolution
1060 1034 1280 1112 gebar.
1360 1069 1437 1074 —
1515 1032 1761 1095 damals
1819 1033 1986 1096 noch
2046 1052 2127 1095 zu
2175 1034 2429 1112 unklar,

388 1121 724 1186 vielleicht
793 1122 957 1184 noch
1009 1141 1176 1201 ganz
1226 1125 1620 1201 unbewusst,
1690 1122 1927 1202 jedoch
1997 1123 2429 1187 nichtsdesto-

388 1212 679 1292 weniger
730 1232 843 1275 aus
911 1212 1122 1289 jedem
1175 1213 1347 1275 Akte
1419 1214 1786 1276 erkennbar
1842 1251 1925 1256 —
1987 1213 2074 1276 ist
2147 1214 2263 1277 der
2309 1213 2430 1276 Ge-

389 1304 602 1365 danke
678 1304 794 1364 der
869 1301 1150 1364 sozialen
1203 1303 1617 1381 Revolution,
1696 1303 1811 1365 der
1859 1304 2024 1365 nach
2097 1322 2166 1365 so
2215 1303 2429 1366 vielen

383 1392 920 1456 Jahrhunderten
972 1392 1084 1455 des
1134 1392 1444 1472 Kampfes
1519 1392 1777 1455 endlich
1850 1393 2020 1456 allen
2093 1393 2197 1456 die
2259 1393 2428 1457 volle

386 1482 687 1545 Freiheit
738 1483 866 1545 und
919 1482 1022 1544 die
1074 1484 1290 1545 wahre
1342 1482 1711 1546 Gleichheit
1758 1482 2034 1564 bringen
2085 1483 2223 1546 soll.

571 1574 704 1635 Das
753 1592 889 1635 war
941 1571 1047 1634 die
1098 1572 1485 1635 Revolution
1563 1574 1675 1636 des
1739 1573 2425 1653 .„niederträchtigen"

384 1662 643 1739 Volkes,
698 1663 813 1725 das
863 1659 968 1724 für
1018 1662 1120 1725 die
1170 1663 1557 1743 Eroberung
1607 1662 1823 1727 seiner
1866 1663 2115 1726 Rechte
2166 1682 2426 1744 auszog.

566 1753 717 1814 Man
791 1753 1015 1815 suchte
1090 1790 1167 1795 —
1222 1754 1353 1815 und
1426 1771 1494 1815 es
1546 1753 1634 1816 ist
1681 1755 1861 1816 wahr
1911 1791 1990 1797 —
2042 1773 2192 1816 man
2241 1754 2428 1817 sucht

385 1842 544 1904 noch
627 1843 749 1904 den
801 1842 1061 1904 wahren
1114 1843 1329 1905 Inhalt
1402 1843 1617 1906 dieser
1675 1843 2066 1907 Revolution
2139 1863 2220 1907 zu
2292 1855 2425 1907 ent-

386 1931 625 1996 stellen
711 1933 841 1995 und
918 1932 1093 1995 diese
1192 1932 1285 1995 als
1361 1933 1486 1996 den
1559 1933 1897 1997 einfachen
1978 1934 2266 1997 Versuch
2344 1954 2426 1998 zu

386 2024 645 2086 denten.
700 2022 801 2085 die
854 2022 1434 2104 Unabhängigkeit
1491 2043 1613 2087 von
1666 2024 1855 2087 Paris
1907 2044 1985 2086 zu
2046 2023 2421 2104 erkämpfen

387 2114 517 2174 und
570 2132 636 2175 so
691 2113 874 2175 einen
929 2112 1190 2175 klemen
1240 2112 1427 2175 Staat
1477 2113 1558 2175 im
1612 2114 1835 2177 Staate
1885 2114 2294 2177 Frankreich
2343 2134 2423 2176 zu

385 2203 703 2282 gründen.
833 2204 1011 2266 Aber
1089 2203 1304 2265 nichts
1385 2203 1748 2283 entspricht
1847 2204 1969 2266 den
2063 2205 2425 2268 Tatsachen

388 2294 694 2371 weniger.
806 2294 987 2356 Paris
1069 2294 1285 2357 wöllte
1367 2293 1505 2357 sich
1576 2293 1755 2357 nicht
1827 2314 1951 2357 von
2025 2294 2432 2358 Frankreich

388 2384 677 2445 abiösen.
734 2383 1191 2463 ebensowenig
1235 2384 1356 2446 wie
1408 2402 1475 2446 es
1528 2384 1827 2447 dasselbe
1853 2384 1972 2445 mit
2021 2385 2146 2446 den
2179 2383 2431 2447 Waffen

393 2474 667 2536 erobern
706 2473 952 2549 wollte:
991 2491 1059 2535 es
1096 2475 1339 2536 strebte
1375 2473 1557 2536 nicht
1592 2474 1862 2552 danach.
1900 2474 2037 2536 sich
2086 2473 2155 2536 In
2205 2474 2428 2537 seinen

393 2564 670 2626 \anmern
727 2563 1253 2643 eingeschlossen
1303 2584 1383 2626 zu
1431 2565 1653 2628 halten
1687 2571 1856 2628 etwa
1887 2563 2008 2628 wje
2059 2563 2164 2627 ein
2195 2565 2429 2628 Mönch

394 2654 458 2714 in
540 2655 756 2715 seiner
803 2653 1079 2716 Klause:
1134 2673 1202 2716 es
1276 2654 1443 2716 triel
1511 2655 1702 2717 keine
1751 2655 2426 2717 Kirchturm-Politik.

393 2744 602 2804 Wenn
660 2762 727 2805 es
780 2742 958 2805 seine
996 2743 1578 2824 Unabhängigkeit
1625 2743 1931 2807 forderte.
1969 2763 2157 2808 wenn
2206 2762 2273 2807 es
2324 2743 2428 2806 die

391 2832 876 2913 Einmischung
949 2835 1064 2896 der
1111 2833 1624 2914 Zentralgewalt
1672 2834 1739 2897 in
1797 2833 1977 2897 seine
2023 2834 2430 2916 Angelegen-

389 2924 610 2985 heiten
688 2924 1033 2986 abwehren
1094 2925 1328 3000 wollte,
1390 2944 1461 2986 so
1531 2925 1816 3004 geschah
1888 2936 1975 2987 es.
2027 2925 2176 2988 weil
2223 2943 2291 2987 es
2362 2925 2429 2986 in

388 3014 602 3075 dieser
651 3013 1230 3093 Unabhängigkeit
1288 3014 1392 3076 die
1439 3013 1867 3094 Möglichkeit
1923 3013 2258 3094 erblickte,
2321 3014 2422 3077 die

387 3103 814 3184 (‚rundlagen
865 3103 1045 3165 einer
1104 3102 1533 3185 zukünftigen
1583 3102 2224 3168 Gesellschaftsform
2284 3124 2427 3168 aus-

389 3193 768 3256 zuarbeiten
824 3195 953 3256 und
1004 3213 1072 3253 so
1124 3195 1185 3255 in
1251 3195 1493 3258 seinem
1544 3197 1782 3258 Innern
1856 3195 1960 3257 die
2011 3195 2253 3257 soziale
2302 3195 2424 3257 Re-

388 3284 679 3346 volntion
763 3303 844 3346 zu
924 3282 1445 3347 verwirklichen.
1563 3283 1688 3347 Die
1760 3283 2226 3364 Beziehungen
2307 3284 2423 3347 der

386 3373 795 3436 Produktion
846 3374 978 3437 und
1037 3375 1150 3436 des
1199 3376 1643 3438 Austausches
1701 3375 1927 3437 hätten
1978 3373 2122 3437 eine
2196 3375 2423 3438 durch-

388 3463 728 3543 ereifende
798 3465 1197 3544 Aenderung
1264 3464 1585 3544 erfahren,
1659 3464 1875 3528 indem
1946 3464 2041 3528 sie
2122 3463 2238 3528 auf
2310 3465 2427 3528 der

390 3556 743 3632 gerechten
797 3553 1176 3634 Verteilung
1223 3555 1472 3618 basiert
1517 3556 1781 3619 worden
1851 3561 2089 3633 wären,
2152 3554 2256 3618 die
2303 3554 2426 3617 Be-

390 3642 754 3725 ziehungen
830 3645 947 3707 der
993 3644 1347 3708 Menschen
1398 3665 1477 3709 zu
1549 3645 1863 3709 einander
1930 3645 2157 3708 hätten
2230 3643 2421 3709 einen

388 3736 674 3799 anderen
723 3736 1074 3799 Ausdruck
1146 3754 1631 3816 angenommen,
1685 3737 1768 3800 da
1840 3735 1935 3799 sie
2010 3735 2120 3800 auf
2170 3735 2428 3800 Gleich-

386 3825 524 3886 heit
571 3826 937 3904 begründet
984 3826 1246 3888 worden
1296 3831 1532 3889 wären.
1584 3827 1714 3889 und
1766 3825 1870 3888 die
1906 3825 2117 3889 Moral
2155 3842 2427 3888 unserer

389 3913 833 3978 (sesellschaft
880 3921 1053 3979 wäre
1103 3934 1227 3978 neu
1299 3916 1649 3979 erstanden
1721 3914 1836 3978 auf
1903 3916 2018 3979 der
2088 3915 2422 3995 gesunden

387 4004 583 4068 Basis
634 4005 752 4069 der
799 4004 1171 4070 Gleichheit
1217 4006 1349 4069 und
1399 4006 1515 4070 der
1559 4005 1962 4070 Solidarität.

440 4096 699 4164 Die
776 4096 1184 4160 kommunale
1233 4096 1814 4178 Unabhängigkeit
1891 4116 2028 4162 war
2106 4096 2242 4159 also
2322 4094 2428 4158 für

395 4186 514 4249 das
565 4186 730 4250 Volk
780 4205 903 4250 von
952 4186 1144 4250 Paris
1202 4205 1325 4249 nur
1396 4188 1498 4250 ein
1548 4186 1782 4256 Mittel.
1837 4186 1941 4250 die
2013 4184 2256 4251 soziale
2303 4185 2426 4249 Re-

389 4277 686 4341 volution
738 4278 894 4342 aber
943 4276 1082 4342 sein
1131 4277 1291 4341 Ziel.
