3028 4617
401 556 662 624 hatten.
744 560 895 638 Und
944 560 1170 625 darum
1219 559 1377 625 liess
1425 581 1577 625 man
1611 562 1751 625 sich
1787 582 1910 626 von
1964 563 2110 627 dem
2144 561 2438 628 Glauben

401 649 786 729 irreführen,
834 651 1126 714 welchen
1200 649 1306 714 die
1362 652 1955 733 Leichtgläubigen
2029 673 2162 716 nun
2242 655 2442 717 schon

401 739 528 803 seit
568 739 1103 803 Jahrhunderten
1172 741 1404 821 hegen:
1463 743 1710 819 „Wenn
1760 741 1882 806 wir
1952 762 2078 806 nur
2127 747 2263 806 erst
2334 763 2440 824 ge-

400 829 572 911 siegt
636 830 877 906 haben;
953 830 1126 894 dann
1197 831 1462 894 werden
1533 830 1655 896 wir
1736 832 1937 895 schon
2011 832 2230 911 sehen.
2306 852 2440 898 was

402 920 629 984 weiter
674 939 756 983 zu
803 921 1075 983 machen
1124 920 1277 983 ist.“

574 1009 811 1071 Zuerst
857 1009 1084 1090 siegen
1131 1010 1266 1072 und
1326 1010 1499 1073 dann
1549 1016 1685 1074 erst
1734 1011 1962 1074 sehen!
2060 1011 2205 1076 Wie
2253 1032 2440 1075 wenn

398 1117 467 1162 es
524 1098 890 1179 überhaupt
943 1098 1229 1180 möglich
1275 1105 1469 1178 wäre,
1523 1101 1668 1164 eine
1727 1099 1892 1164 freie
1939 1101 2301 1165 Kommune
2362 1122 2443 1165 zu

396 1188 892 1268 konstituieren,
968 1190 1133 1252 ohne
1206 1190 1322 1254 das
1381 1191 1946 1271 Privateigentum
2020 1193 2437 1255 anzutasten!

397 1279 513 1340 Als
584 1280 662 1342 ob
735 1297 804 1343 es
877 1280 1172 1343 denkbar
1219 1286 1412 1359 wäre,
1490 1281 1595 1343 die
1641 1281 1896 1343 Feinde
1957 1300 2037 1345 zu
2108 1281 2438 1362 besiegen.

399 1369 565 1431 ohne
611 1368 763 1432 dass
813 1368 917 1431 die
974 1387 1203 1450 grosse
1251 1369 1469 1433 Masse
1529 1369 1749 1433 direkt
1797 1389 1879 1433 an
1952 1371 2078 1434 den
2125 1370 2439 1452 Erfolgen

400 1460 515 1522 der
545 1458 937 1523 Revolution
980 1459 1394 1522 interessiert
1440 1460 1546 1539 ist,
1584 1461 1803 1523 indem
1837 1480 1905 1523 es
1959 1461 2083 1524 den
2116 1461 2442 1525 materiel-

396 1548 522 1627 len,
571 1547 896 1629 geistigen
946 1549 1078 1611 und
1105 1549 1561 1613 moralischen
1607 1550 1864 1613 Nutzen
1934 1549 2040 1613 für
2100 1551 2222 1614 alle
2295 1551 2443 1614 klar

396 1656 513 1701 vor
560 1638 792 1718 Augen
860 1638 991 1700 hat.
1099 1639 1252 1701 Man
1325 1640 1551 1702 suchte
1625 1646 1847 1715 zuerst
1918 1640 2020 1703 die
2081 1641 2440 1703 Kommune

397 1727 948 1804 sicherzustellen.
1001 1748 1106 1791 um
1158 1732 1379 1809 später
1429 1729 1543 1792 auf
1599 1730 1704 1793 die
1755 1730 1999 1793 soziale
2047 1730 2440 1794 Revolution

398 1819 1049 1882 zurückzukommen.
1101 1820 1413 1882 während
1474 1820 1589 1883 der
1638 1819 1893 1900 einzige
1944 1820 2229 1901 richtige
2277 1821 2442 1900 Weg

398 1908 512 1969 der
569 1926 869 1987 gewesen
919 1915 1110 1971 wäre.
1166 1908 1270 1971 die
1318 1908 1679 1971 Kommune
1755 1910 1960 1972 durch
2038 1910 2143 1972 die
2195 1911 2436 1972 soziale

394 1997 785 2061 Revolution
834 2018 914 2060 zu
964 1998 1249 2061 sichern!

576 2087 758 2151 (sanz
809 2089 1046 2150 ebenso
1092 2089 1286 2151 stand
1321 2107 1388 2151 es
1423 2108 1530 2151 um
1581 2089 1695 2151 das
1731 2088 2438 2168 Herrschaftsprinziv.

396 2175 519 2238 Mit
568 2178 684 2239 der
729 2177 939 2239 freien
988 2178 1351 2239 Kommune
1401 2178 1868 2256 proklamierte
1928 2180 2045 2240 das
2096 2180 2265 2241 Volk
2312 2198 2436 2240 von

395 2266 581 2329 Parıs
653 2267 760 2329 ein
828 2267 1208 2331 wesentlich
1283 2268 1833 2332 anarchistisches
1906 2267 2205 2348 Prinzip:
2285 2270 2440 2331 aber

395 2357 709 2419 nachdem
757 2357 825 2420 in
889 2359 1077 2438 jener
1126 2358 1387 2436 Epoche
1465 2358 1564 2420 die
1629 2358 2189 2421 anarchistischen
2241 2359 2439 2421 Ideen

394 2465 518 2508 nur
565 2447 716 2508 sehr
763 2447 1049 2526 spärlich
1083 2447 1149 2508 in
1203 2448 1306 2508 die
1344 2447 1607 2510 Geister
1657 2447 2152 2527 eingedrungen
2198 2466 2435 2510 waren.

392 2535 565 2599 blieb
613 2556 763 2599 man
813 2535 928 2600 auf
994 2537 1248 2600 halbem
1301 2537 1501 2617 Wege
1555 2538 1784 2601 stehen
1833 2538 1966 2601 und
2042 2538 2302 2601 leistete
2352 2537 2438 2599 im

391 2626 632 2689 Innern
702 2627 818 2689 der
865 2627 1226 2690 Kommune
1277 2628 1442 2690 noch
1517 2629 1661 2690 dem
1712 2628 2117 2691 autoritären
2166 2628 2436 2706 Prinzip

390 2716 742 2792 Vorschub,
794 2716 1011 2778 indem
1062 2736 1213 2778 man
1263 2717 1402 2779 sich
1476 2717 1665 2779 einen
1714 2718 2214 2780 Kommunalrat
2287 2721 2434 2797 gab.

567 2805 776 2868 Wenn
809 2805 929 2870 wir
978 2806 1044 2869 in
1097 2807 1212 2869 der
1244 2807 1370 2869 Tat
1418 2808 1731 2887 zugeben.
1772 2807 1923 2870 dass
1976 2807 2121 2870 eine
2173 2808 2434 2871 oberste

389 2893 766 2975 Regierung
822 2895 929 2959 für
988 2896 1093 2959 die
1142 2896 1567 2977 Regelungen
1631 2898 1746 2960 der
1794 2896 2263 2977 Beziehungen
2325 2897 2441 2960 der

388 2985 794 3048 Kommunen
867 2995 1057 3048 unter
1131 2987 1445 3049 einander
1518 2987 1774 3050 absolut
1848 2987 2258 3050 entbehrlich
2331 2986 2435 3049 ist.

388 3093 636 3138 warum
684 3075 854 3138 dann
931 3075 1036 3139 die
1084 3075 1620 3156 Notwendigkeit
1678 3077 1859 3140 einer
1908 3077 2252 3158 Regelung
2326 3077 2441 3139 der

389 3164 951 3245 wechselseitigen
988 3166 1454 3247 Beziehungen
1481 3168 1670 3245 jener
1697 3167 2010 3247 Gruppen
2044 3168 2434 3247 behaupten.

391 3254 496 3317 die
553 3254 717 3317 doch
789 3254 894 3318 die
942 3255 1304 3318 Kommune
1373 3256 1637 3319 bilden?
1733 3257 1881 3320 Und
1942 3275 2130 3319 wenn
2179 3255 2299 3319 wir
2370 3276 2439 3318 es

391 3344 505 3406 der
551 3341 762 3407 freien
793 3343 1131 3409 Initiative
1183 3345 1298 3408 der
1333 3345 1673 3408 einzelnen
1707 3347 2113 3409 Kommunen
2150 3345 2437 3408 anheim-

391 3434 643 3514 stellen,
678 3433 818 3498 sich
867 3435 1378 3498 untereinander
1426 3438 1586 3499 über
1626 3438 1779 3517 jene
1812 3437 2437 3516 Unternehmungen

390 3543 469 3586 zu
503 3523 990 3606 verständigen,
1029 3525 1132 3588 die
1168 3526 1465 3588 mehrere
1499 3525 1729 3589 Städte
1766 3526 2063 3605 zugleich
2096 3525 2435 3590 betreften.

388 3633 634 3677 warum
682 3614 856 3677 dann
908 3614 1089 3678 diese
1123 3614 1303 3678 selbe
1351 3614 1516 3679 freie
1549 3615 1890 3681 Initiative
1924 3615 2268 3679 innerhalb
2322 3616 2438 3678 der

390 3704 720 3785 Gruppen,
756 3723 872 3769 aus
914 3705 1205 3769 welchen
1256 3705 1395 3769 sich
1446 3704 1590 3769 eme
1623 3706 1986 3770 Kommune
2038 3724 2438 3770 zusammen-

389 3799 577 3873 setzt,
634 3793 1034 3858 verneinen?
1129 3795 1296 3857 Fine
1345 3795 1727 3877 Regierung
1784 3796 1849 3858 in
1913 3798 2027 3858 der
2076 3797 2438 3859 Kommune

388 3883 503 3945 hat
547 3882 730 3946 nicht
775 3885 960 3947 mehr
1006 3883 1807 3966 Existenzberechtigung
1857 3886 1953 3948 als
2005 3885 2152 3949 eine
2203 3885 2436 3966 Regie-

387 3993 559 4055 rung
604 3974 984 4038 ausserhalb
1038 3975 1401 4039 derselben.

564 4063 784 4127 Allein
860 4064 948 4127 im
1018 4064 1223 4127 Jahre
1300 4066 1458 4126 1871
1545 4066 1800 4129 machte
1882 4066 1999 4128 das
2074 4067 2273 4128 Volk
2310 4085 2439 4128 von

387 4152 598 4235 Paris,
647 4153 924 4219 welches
997 4154 1197 4218 schon
1249 4174 1317 4218 so
1366 4154 1539 4219 viele
1586 4154 2256 4237 Regierungsformen
2328 4174 2442 4233 ge-

388 4248 600 4308 stürzt
651 4244 855 4325 hatte,
908 4245 1032 4309 den
1106 4250 1326 4310 ersten
1375 4246 1693 4318 Versuch.
1747 4265 1959 4328 gegen
2036 4246 2152 4311 das
2202 4245 2445 4327 Regie-

386 4338 836 4416 rungssystem
886 4336 982 4400 als
1048 4336 1302 4400 solches
1353 4356 1434 4401 zu
1491 4337 1916 4401 revoltieren:
1971 4357 2041 4402 es
2089 4338 2248 4402 liess
2298 4338 2444 4402 sich
