3011 4606
1245 334 1687 393 11
1609 334 1686 393 —

451 513 798 578 einzelnen
824 512 1098 575 Städten
1133 510 1599 592 aufgehäuften
1621 510 1998 576 Reichtums
2033 532 2113 577 zu
2146 510 2484 593 bedienen,

454 604 587 668 und
636 622 706 666 es
754 602 921 668 wird
968 621 1095 666 von
1145 601 1370 665 diesen
1417 602 1880 667 Reichtümern
1911 603 2134 667 Besitz
2186 603 2483 682 nehmen,

454 694 550 757 als
603 695 680 756 ob
730 692 824 756 sie
858 691 990 755 ihm
1040 692 1314 755 niemals
1347 710 1476 757 von
1526 692 1641 755 der
1672 692 2098 773 Bourgeoisie
2146 692 2487 774 gestohlen

452 783 717 846 worden
766 788 1003 845 wären.
1107 782 1252 844 Und
1299 781 1388 844 ist
1458 791 1593 844 erst
1663 780 1901 844 einmal
1972 783 2087 845 der
2132 782 2487 846 Industrie-

452 877 678 951 baron,
732 873 847 935 der
897 873 1041 935 dem
1090 871 1398 935 Arbeiter
1448 871 1553 934 die
1601 871 1887 935 Früchte
1936 872 2150 935 seines
2198 870 2487 936 Fleisses

452 961 847 1042 wegnimmt,
899 980 1014 1024 aus
1066 961 1310 1023 seinem
1362 968 1818 1042 angemassten
1850 962 2078 1024 Platze
2110 962 2487 1042 verdrängt,

457 1054 628 1114 dann
677 1053 855 1114 kann
905 1051 1011 1114 die
1059 1050 1465 1113 Produktion
1514 1055 1857 1130 ungestört
1913 1051 2102 1114 ihren
2148 1051 2491 1132 Fortgang

453 1143 749 1206 nehmen.
827 1142 1044 1205 indem
1102 1139 1208 1203 sie
1289 1140 1447 1205 sich,
1524 1141 1668 1204 dem
1738 1142 2020 1221 Impulse
2100 1141 2215 1205 der
2282 1140 2492 1205 freien

455 1232 687 1296 Arbeit
756 1231 1042 1311 folgend.
1105 1232 1231 1294 dem
1278 1229 1823 1310 Anforderungen
1886 1232 1998 1294 des
2047 1231 2491 1312 Augenblicks

457 1331 745 1401 anpasst.
847 1320 1175 1383 „Niemals
1225 1322 1391 1382 noch
1439 1321 1661 1384 wurde
1708 1320 1775 1383 in
1821 1320 2231 1383 Frankreich
2279 1339 2348 1384 so
2397 1321 2492 1382 in-

457 1411 673 1474 tensiv
747 1410 1110 1492 gearbeitet
1183 1410 1279 1472 als
1352 1409 1435 1473 im
1497 1410 1700 1473 ‚Jahre
1754 1409 1943 1489 1795,
1994 1410 2314 1474 nachdem
2386 1410 2489 1473 die

456 1501 633 1564 Erde
684 1502 808 1563 den
842 1501 1117 1563 Händen
1169 1501 1284 1562 der
1318 1499 1807 1563 Feudalherren
1856 1501 2184 1563 entrissen
2231 1500 2495 1564 worden

457 1595 657 1668 war",
712 1599 861 1669 sagt
907 1589 1235 1652 Michelet.
1291 1626 1369 1632 —
1421 1589 1711 1652 Niemals
1773 1590 1937 1652 noch
1986 1590 2209 1654 wurde
2258 1609 2328 1652 so
2386 1609 2493 1669 ge-

460 1680 757 1744 arbeitet.
812 1680 907 1743 als
980 1699 1128 1742 man
1202 1679 1498 1743 arbeiten
1555 1679 1719 1743 wird
1792 1698 1891 1741 am
1941 1680 2139 1760 Tage,
2194 1699 2278 1743 an
2350 1678 2493 1742 dem

464 1770 569 1833 ie
601 1770 834 1833 Arbeit
881 1770 1140 1833 endlich
1188 1768 1314 1831 frei
1363 1771 1711 1849 geworden
1760 1768 1901 1832 sein
1949 1771 2134 1847 wird,
2186 1770 2320 1832 und
2364 1788 2493 1833 von

461 1862 603 1922 dem
655 1862 732 1922 ab
787 1861 974 1939 jeder
1023 1859 1423 1921 Fortschritt
1497 1859 1609 1922 des
1657 1858 2000 1922 Arbeiters
2072 1859 2217 1922 eine
2267 1857 2494 1938 Quelle

464 1951 576 2012 des
627 1949 1154 2013 Wohlbefindens
1203 1947 1308 2011 für
1360 1947 1465 2012 die
1512 1948 1872 2012 Kommune
1920 1949 2246 2013 bedeutet.

1210 2037 1240 2068 3
1461 2089 1493 2121 B
1713 2037 1745 2070 *

640 2129 712 2190 In
763 2129 987 2207 Bezug
1038 2126 1151 2190 auf
1216 2128 1340 2189 den
1414 2126 1700 2190 sozialen
1749 2127 2092 2191 Reichtum
2163 2129 2278 2191 hat
2345 2146 2495 2190 man

457 2219 788 2295 versucht.
863 2217 1006 2281 eime
1059 2216 1626 2298 Unterscheidung
1698 2236 1778 2281 zu
1848 2217 2139 2296 machen,
2184 2219 2273 2299 ja.
2347 2236 2498 2281 man

458 2309 548 2371 ist
624 2309 827 2371 selbst
900 2307 1507 2387 dahingekommen,
1563 2307 1667 2369 die
1740 2307 2220 2371 sozialistische
2267 2307 2495 2371 Partei

458 2398 579 2461 mit
629 2398 802 2460 Hilfe
877 2397 1092 2459 dieser
1140 2395 1712 2476 Unterscheidung
1782 2398 1850 2460 in
1922 2396 2084 2461 zwei
2131 2397 2350 2477 Lager
2420 2416 2501 2459 zu

458 2487 680 2551 teilen.
779 2485 1125 2567 Diejenige
1159 2486 1413 2553 Schule.
1468 2485 1570 2549 die
1614 2486 1753 2548 sich
1801 2487 1995 2550 heute
2047 2485 2151 2549 die
2198 2487 2501 2549 kollekti-

459 2578 775 2640 vistische
826 2582 1046 2640 nennt.
1085 2576 1304 2639 indem
1355 2576 1450 2639 sie
1500 2595 1581 2639 an
1633 2576 1737 2640 die
1772 2576 1972 2641 Stelle
2024 2578 2138 2640 des
2182 2576 2500 2640 Kollekti-

462 2668 709 2730 vismus
761 2668 876 2728 der
910 2668 1080 2729 alten
1123 2666 1717 2729 ..Internationale‘
1755 2666 1890 2746 (die
1941 2667 2254 2729 darunter
2282 2666 2500 2729 nichts

467 2757 743 2820 anderes
794 2756 890 2818 als
964 2756 1088 2818 den
1162 2755 1734 2818 antl-autoritären
1782 2755 2315 2819 Kommunismus
2356 2774 2501 2820 ver-

469 2846 689 2929 stand)
771 2845 914 2909 eime
986 2847 1111 2908 Art
1190 2846 1614 2908 doktrinären
1690 2844 2232 2910 Kollektivismus
2312 2848 2501 2909 setzt.

468 2938 658 2999 sucht
718 2936 859 2998 eine
909 2935 1482 3016 Unterscheidung
1531 2955 1611 2998 zu
1682 2934 1917 2998 treffen
1965 2935 2291 2999 zwischen
2362 2936 2504 2998 dem

475 3025 763 3106 Kapital.
842 3026 1120 3088 welches
1202 3026 1319 3087 der
1389 3024 1797 3087 Produktion
1877 3024 2076 3104 dient,
2150 3025 2285 3088 und
2363 3025 2506 3088 dem

471 3116 835 3194 Reichtum,
890 3117 1005 3178 der
1055 3116 1158 3178 die
1192 3114 1621 3179 Bedürfnisse
1672 3115 1784 3178 des
1827 3115 2083 3179 Lebens
2132 3113 2503 3196 befriedigt.

468 3206 595 3269 Pie
651 3206 1052 3277 Maschinen,
1116 3205 1683 3285 Fabrikgebäude.
1744 3204 2099 3283 Rohstoffe,
2151 3205 2507 3268 Verkehrs-

467 3313 653 3375 wege
701 3295 833 3357 und
884 3295 1112 3357 (rund
1162 3295 1295 3357 und
1344 3294 1572 3356 Boden
1630 3295 1918 3374 gehören
1977 3294 2092 3357 der
2141 3294 2350 3373 einen,
2403 3293 2505 3356 die

466 3386 917 3465 Wohnungen.
993 3383 1233 3465 tertige
1288 3385 1636 3463 Produkte,
1687 3382 1958 3448 Kleider
2026 3385 2161 3448 und
2220 3383 2504 3449 Lebens-

470 3475 681 3538 mittel
772 3476 887 3537 der
968 3475 1250 3538 anderen
1334 3474 1719 3555 Kategorie
1771 3494 1873 3537 an.
1998 3474 2126 3537 Die
2214 3478 2508 3538 ersteren

465 3566 729 3628 werden
762 3564 1500 3643 Kollektiv-Eigentum,
1554 3563 1658 3626 die
1706 3563 2026 3627 letzteren
2069 3565 2226 3627 aber
2271 3564 2503 3638 haben.

466 3656 634 3718 nach
649 3654 1035 3718 denLehren
1051 3653 1267 3718 dieser
1280 3654 1534 3732 Schule.
1550 3653 2118 3735 Privateigentum
2133 3674 2215 3717 zu
2225 3652 2503 3718 bleiben.

658 3746 836 3809 Aber
909 3746 1025 3808 der
1094 3746 1385 3824 gesunde
1456 3744 1617 3808 Sinn
1688 3744 1801 3807 des
1861 3744 2101 3808 Volkes
2170 3745 2322 3807 kam
2391 3763 2512 3824 gar

482 3833 639 3897 bald
688 3854 768 3897 zu
819 3834 934 3898 der
965 3833 1285 3911 Kinsicht,
1339 3834 1491 3897 dass
1542 3833 1721 3897 diese
1746 3832 2319 3914 Unterscheidung
2365 3832 2508 3896 illu-

476 3923 732 3987 sorisch
779 3925 912 3987 und
960 3943 1126 4004 ganz
1201 3922 1573 4004 unmöglich
1631 3922 1739 3986 ist.
1834 3921 2244 4004 Mangelhaft
2312 3922 2511 3985 schon

479 4015 548 4077 in
600 4014 715 4078 der
762 4013 1057 4094 Theorie,
1108 4032 1284 4078 muss
1336 4013 1431 4077 sie
1477 4013 1567 4077 im
1613 4013 2037 4094 praktischen
2068 4013 2290 4077 Leben
2338 4031 2506 4094 ganz

474 4105 611 4167 und
684 4123 804 4185 gar
877 4103 1297 4168 dahinfallen.
1394 4103 1519 4167 Die
1566 4102 1872 4166 Arbeiter
1920 4105 2302 4182 erkannten,
2354 4104 2505 4165 dass

477 4193 598 4258 das
647 4194 847 4275 Haus.
924 4194 1039 4258 das
1111 4193 1232 4259 wir
1295 4194 1671 4272 bewohnen.
1747 4193 1851 4256 die
1907 4193 2116 4256 Kohle
2187 4193 2319 4256 und
2389 4192 2506 4255 das
