3013 4607
1102 425 1185 432 —
1285 388 1545 449 19
1465 388 1543 449 —

489 568 574 632 So
625 568 807 632 stellt
856 567 1017 647 sich,
1066 567 1234 632 nach
1285 567 1450 647 dem,
1502 586 1636 632 was
1686 566 1756 630 in
1806 567 1930 631 den
1978 567 2344 631 Versamm-

307 661 554 741 lungen
601 657 1008 739 gesprochen
1057 656 1243 735 wird,
1295 676 1377 720 zu
1426 657 1728 737 urteilen,
1781 658 1897 720 das
1945 658 2345 721 Proletariat

309 750 436 811 den
469 748 744 811 Verlauf
789 748 906 810 der
937 746 1331 810 Itevolution
1380 766 1526 809 vor:
1582 746 1897 826 sofortige
1930 746 2348 828 Einführung

306 839 421 902 des
468 836 1099 902 kommunistischen
1148 835 1618 899 Anarchismus
1666 837 1801 900 und
1848 835 2013 899 freie
2064 836 2341 917 Organi-

306 926 520 992 sation
595 927 711 989 der
760 925 1414 1006 Güter-Erzeugung.
1510 926 1648 989 Das
1707 925 1857 990 sind
1930 926 2036 989 die
2105 927 2343 990 beiden

309 1016 599 1103 deutlich
677 1015 981 1078 fixierten
1049 1015 1328 1090 Punkte.
1402 1017 1536 1078 und
1605 1015 1672 1078 in
1753 1015 1969 1079 dieser
2043 1016 2346 1079 Hinsicht

303 1107 567 1172 werden
626 1105 733 1170 die
778 1105 1184 1169 Kommunen
1248 1106 1364 1168 der
1411 1103 1705 1169 Zukunft
1762 1104 2112 1169 sicherlich
2161 1106 2343 1169 nicht

305 1197 374 1259 in
424 1196 529 1259 die
576 1196 819 1259 Fehler
868 1196 1046 1258 ihrer
1094 1196 1477 1276 Vorgänger
1523 1194 1863 1262 verfallen.

482 1284 844 1365 Bezüglich
937 1285 1115 1348 eines
1212 1285 1519 1362 anderen,
1594 1284 1777 1347 nicht
1849 1285 2141 1364 weniger
2235 1305 2343 1366 ge-

302 1374 657 1456 wichtigen
726 1375 1056 1451 Punktes,
1132 1374 1200 1436 in
1274 1375 1390 1437 der
1466 1373 1687 1455 Frage
1761 1375 1875 1438 der
1950 1374 2340 1456 Legierung.

302 1465 607 1528 herrscht
666 1464 845 1528 diese
893 1463 1237 1543 Einigkeit
1299 1465 1415 1526 der
1462 1465 1862 1544 Meinungen
1922 1466 2087 1528 noch
2138 1465 2340 1544 nicht,

305 1553 558 1618 obwohl
631 1555 747 1617 der
794 1554 1170 1633 Zeitpunkt,
1225 1555 1308 1617 da
1381 1554 1519 1617 dies
1591 1554 1705 1618 der
1755 1554 1903 1617 Fall
1963 1554 2105 1618 sein
2156 1555 2343 1634 wird,

303 1643 487 1707 nicht
535 1662 604 1707 so
654 1643 839 1707 ferne
886 1643 1068 1724 liegt.

485 1733 576 1797 Ks
649 1733 739 1796 ist
830 1736 1141 1812 bekannt,
1218 1734 1369 1796 dass
1465 1733 1920 1814 gegenwärtig
1995 1734 2342 1815 bezüglich

306 1822 523 1886 dieser
613 1823 831 1903 Frage
929 1822 1090 1886 zwei
1185 1823 1870 1903 erundverschiedene
1942 1823 2340 1904 Meinungen

306 1911 677 1976 existieren.
804 1912 983 1988 „Wir
1052 1916 1373 1990 müssen,“
1452 1931 1654 1994 sagen
1729 1913 1833 1976 die
1908 1912 2117 1993 einen,
2196 1933 2341 1989 „am

303 2003 484 2083 Tage
555 2004 671 2066 der
718 2002 1110 2066 Revolution
1182 2002 1328 2066 eine
1383 2004 1755 2083 Regierung
1827 2003 2180 2067 einsetzen.
2233 2004 2339 2067 die

306 2092 432 2154 alle
479 2092 703 2155 Macht
751 2111 832 2155 an
893 2092 1031 2155 sich
1102 2092 1349 2155 nimmt.
1445 2093 1646 2155 Diese
1719 2095 1961 2170 starke,
2014 2094 2341 2173 mächtige

304 2181 438 2244 und
512 2182 1002 2246 entschlossene
1069 2181 1448 2262 Regierung
1519 2182 1685 2245 wird
1767 2183 1870 2245 die
1943 2182 2339 2246 Revolution

305 2271 595 2335 dadurch
647 2272 1080 2352 vollbringen,
1132 2273 1283 2335 dass
1335 2271 1428 2335 sie
1489 2272 1628 2335 dies
1678 2274 1811 2336 und
1861 2274 2047 2354 jenes
2108 2274 2338 2336 dekre-

302 2361 460 2423 tiert
518 2362 651 2423 und
708 2362 895 2425 ihren
945 2363 1434 2441 Anordnungen
1493 2362 1612 2424 mit
1661 2362 1918 2426 Gewalt
1977 2362 2338 2425 Gehorsam

304 2449 643 2531 erzwingt.“

488 2540 848 2621 „Lraurige
942 2541 1394 2622 Täuschung.“
1508 2560 1711 2622 sagen
1816 2541 1920 2605 die
2026 2547 2331 2610 anleren.

309 2630 514 2705 „Jede
563 2632 1094 2711 Zentralgewalt,
1149 2630 1253 2694 die
1322 2631 1656 2694 bestimmt
1702 2633 1808 2708 ist,
1862 2634 1966 2694 ein
2015 2637 2181 2699 Volk
2255 2651 2336 2700 zu

300 2718 624 2799 regieren,
698 2720 788 2783 ist
856 2720 1353 2800 unglücklicher
1423 2720 1641 2783 Weise
1722 2739 1837 2785 aus
1929 2723 2097 2803 ganz
2195 2745 2333 2789 ver-

301 2808 695 2873 schiedenen
740 2810 1122 2874 Elementen
1173 2816 1823 2892 zusammengesetzt,
1876 2816 2008 2878 und
2059 2817 2142 2879 da
2190 2815 2332 2879 eine

301 2899 521 2961 solche
570 2898 687 2962 auf
732 2900 961 2964 Grund
1011 2902 1124 2963 des
1173 2901 1928 2981 Herrschaftsprinzipes
1981 2911 2142 2969 stets
2192 2925 2332 2970 ver-

299 2989 679 3052 knöchernd
752 2990 968 3068 wirkt,
1029 2991 1208 3053 kann
1256 2989 1352 3052 sie
1422 2988 1526 3053 für
1594 2991 1698 3053 die
1746 2992 2141 3058 Revolution
2212 3014 2334 3058 nur

299 3077 406 3141 ein
474 3097 738 3159 grosses
819 3078 1175 3143 Hindernis
1276 3080 1619 3144 bedeuten.
1742 3080 1851 3146 Sie
1942 3086 2120 3149 kann
2218 3085 2333 3148 der

297 3167 691 3233 Revolution
739 3170 806 3232 in
847 3171 1045 3250 jenen
1092 3170 1517 3243 Kommunen.
1571 3170 1676 3235 die
1709 3173 1921 3237 bereit
1970 3174 2137 3254 sind.
2189 3195 2331 3239 vor-

300 3261 499 3320 wärts
549 3277 630 3321 zu
702 3259 931 3339 gehen,
992 3278 1115 3322 nur
1164 3260 1497 3323 schädlich
1572 3261 1732 3324 sein.
1785 3264 1951 3327 ohne
2034 3266 2326 3344 dagegen

298 3346 624 3411 imstande
658 3367 739 3412 zu
782 3348 944 3425 sein.
976 3350 1101 3412 den
1135 3350 1889 3431 zurückgebliebeneren
1926 3354 2328 3417 (temeinden

299 3438 422 3501 den
472 3438 1003 3504 revolutionären
1051 3439 1241 3504 Geist
1287 3440 1796 3506 einzuhauchen.

480 3528 799 3591 Aehnlich
873 3529 1238 3593 hinderlich
1288 3531 1454 3594 wird
1517 3531 1622 3594 ihr
1668 3531 1939 3597 Wirken
2012 3533 2079 3596 in
2152 3534 2333 3597 eimer

295 3616 541 3680 bereits
640 3617 1176 3684 aufständischen
1247 3621 1608 3685 Kommune
1701 3623 1862 3686 sein.
1977 3624 2331 3687 Entweder

296 3705 463 3771 wird
513 3707 619 3771 die
667 3710 1078 3774 kommunale
1112 3710 1491 3792 Regierung
1525 3712 1663 3775 sich
1715 3713 1953 3778 darauf
1980 3715 2329 3778 beschrän-

297 3798 447 3875 ken,
499 3799 744 3861 bereits
794 3801 1200 3879 geschehene
1250 3803 1420 3864 Akte
1471 3800 1727 3865 formell
1776 3824 1856 3866 zu
1913 3804 2324 3884 bestätigen
2282 3798 2322 3884 :

299 3887 469 3948 dann
520 3885 611 3949 ist
658 3888 754 3951 sie
803 3889 949 3951 eine
997 3890 1229 3952 höchst
1276 3890 1708 3974 überflüssige
1741 3894 1874 3956 und
1923 3892 2327 3974 gefährliche

296 3975 704 4059 Institution,
757 3979 914 4043 oder
964 3982 1121 4044 aber
1169 3979 1266 4044 sie
1313 3981 1481 4046 wird
1528 3982 1594 4045 in
1655 3982 1847 4047 allem
1905 3984 2328 4064 vorangehen

296 4067 551 4147 wollen,
602 4069 737 4133 und
795 4070 969 4135 dann
1016 4070 1183 4135 wird
1216 4071 1313 4135 sie
1361 4071 1578 4153 Dinge
1627 4075 1981 4154 anordnen,
2034 4073 2139 4138 die
2187 4073 2325 4138 sich

293 4162 432 4221 erst
526 4157 616 4222 im
693 4159 899 4224 Volke
993 4161 1198 4226 selbst
1295 4159 1420 4225 frei
1523 4163 1914 4228 entwickeln
2013 4169 2322 4242 müssten,

274 4257 402 4311 um
472 4248 886 4333 Jlebensfähig
956 4272 1037 4317 zu
1115 4252 1277 4317 sein.
1396 4252 1506 4318 Sie
1576 4254 1739 4319 wird
1809 4255 1956 4319 dort
2003 4253 2322 4319 Theorien
