3013 4607
1484 371 1749 429 20
1844 407 1923 412 —

695 551 1076 630 anwenden,
1129 569 1226 614 wo
1302 550 1406 614 die
1479 568 1686 630 ganze
1738 548 2175 612 Gesellschaft
2231 570 2395 613 neue
2444 549 2725 614 Formen

693 643 800 702 für
899 642 1014 703 das
1090 640 1687 720 gesellschaftliche
1758 639 1979 703 Leben
2051 639 2264 702 finden
2361 659 2535 703 muss
2609 661 2723 704 aus

685 732 876 809 jener
927 729 1460 808 schöpferischen
1510 728 1707 791 Kraft
1754 729 2010 792 heraus.
2063 730 2307 794 welche
2357 729 2444 792 im
2492 732 2722 809 gesell-

693 818 1130 884 schaftlichen
1191 820 1618 901 Organismus
1676 819 1985 899 lebendig
2043 819 2225 898 wird.
2278 820 2593 882 nachdem
2653 841 2724 883 er

692 911 873 972 seine
921 910 1165 973 Ketten
1225 910 1623 972 zerbrochen
1683 910 1798 971 hat
1844 911 1977 972 und
2026 909 2164 971 sich
2216 909 2440 972 seinen
2489 914 2722 990 Augen

690 1018 875 1063 nene,
926 1001 1120 1064 weite
1168 999 1524 1062 Horizonte
1576 997 1884 1062 eröffnen.
1980 999 2104 1061 Die
2155 999 2361 1061 Leute
2419 1018 2542 1064 von
2607 1001 2722 1062 der

696 1074 1077 1191 Regierung
1111 1091 1378 1153 würden
1414 1090 1658 1152 diesem
1684 1088 2167 1169 Aufschwunge
2198 1109 2321 1152 nur
2352 1068 2718 1154 hinderlich

688 1182 847 1245 sein.
886 1182 1050 1243 ohne
1087 1182 1248 1243 auch
1284 1201 1405 1243 nur
1456 1182 1571 1243 das
1608 1180 1958 1259 Geringste
1992 1198 2115 1242 von
2170 1180 2312 1241 dem
2348 1200 2427 1242 zu
2460 1180 2715 1243 leisten.

685 1290 819 1334 was
871 1270 964 1333 sie
1015 1270 1219 1333 selbst
1267 1290 1326 1332 zu
1418 1270 1653 1332 leisten
1705 1270 1792 1331 Im
1842 1268 2084 1332 Stande
2157 1287 2476 1348 gewesen,
2531 1289 2715 1332 wenn

687 1361 779 1423 sie
853 1361 1058 1423 selbst
1126 1359 1214 1422 im
1262 1360 1464 1423 Volke
1516 1359 1892 1422 verblieben
1962 1365 2200 1433 wären
2253 1378 2355 1422 um
2416 1358 2534 1421 mit
2582 1358 2713 1421 Ihm

689 1449 1295 1558 gemeinschaftlich
1347 1451 1446 1511 die
1484 1469 1647 1512 neue
1683 1448 2152 1528 Organisation
2188 1449 2708 1512 auszuarbeiten.

687 1547 936 1602 anstatt
996 1540 1136 1602 sich
1206 1540 1274 1602 In
1321 1542 1746 1602 Amtsstuben
1819 1538 2371 1601 einzuschliessen
2443 1539 2574 1600 und
2647 1540 2712 1601 m

686 1629 1196 1693 unfruchtbaren
1229 1629 1558 1693 Debatten
1591 1649 1670 1691 zu
1707 1629 2108 1708 erschüpfen.
2193 1628 2274 1690 So
2309 1634 2482 1691 wäre
2533 1628 2711 1691 diese

683 1721 1064 1800 kegierung
1136 1719 1240 1782 ein
1311 1721 1660 1782 Hindernis
1732 1720 1865 1782 und
1937 1720 2079 1781 eine
2132 1717 2407 1783 Gefahr:
2483 1738 2713 1781 umnver-

684 1810 963 1888 mögend
1010 1809 1114 1871 für
1150 1810 1265 1871 das
1303 1810 1489 1872 (rute.
1545 1808 2022 1871 erschrecklich
2056 1812 2160 1869 für
2195 1808 2310 1869 das
2347 1807 2707 1869 Schlechte.

682 1897 827 1961 und
867 1900 1090 1961 darum
1141 1900 1252 1961 hat
1304 1900 1398 1961 sie
1447 1899 1602 1961 kein
1649 1899 1858 1960 Recht
1906 1917 1985 1960 zu
2036 1897 2448 1960 existieren.“

867 1996 946 2051 So
997 1990 1239 2069 richtig
1297 1990 1427 2051 und
1499 1989 1824 2051 natürlich
1893 1989 2052 2050 auch
2131 1988 2345 2050 dieser
2392 1987 2713 2049 Kinwand

681 2081 788 2142 ist.
843 2097 912 2140 er
982 2086 1303 2141 verstüsst
1375 2099 1454 2140 zu
1528 2080 1677 2141 sehr
1746 2096 1954 2158 gegen
2027 2077 2514 2139 „Jahrhunderte
2582 2077 2712 2138 alte

684 2168 1071 2243 Vorurteile,
1150 2168 1251 2229 die
1328 2188 1449 2231 vun
1524 2170 1717 2245 jenen
1793 2167 2070 2247 genährt
2143 2168 2273 2229 und
2351 2164 2712 2245 bekräftigt

684 2259 972 2336 wurden,
1028 2258 1129 2321 die
1182 2258 1286 2320 ein
1337 2259 1659 2320 Interesse
1713 2277 1793 2320 an
1855 2259 1998 2320 dem
2047 2256 2522 2319 Fortbestehen
2600 2257 2710 2317 des

679 2349 1641 2429 Regierungs-Aberglaubcus.
1695 2366 2062 2409 zusammen
2115 2346 2230 2407 mit
2282 2346 2422 2407 dem
2475 2346 2710 2424 Kigen-

683 2710 814 2771 und
888 2707 1096 2770 bildet
1155 2707 1299 2769 eine
1371 2724 1595 2786 grosse
1649 2704 1895 2769 Gefahr
1964 2706 2068 2767 für
2142 2706 2265 2766 «den
2314 2704 2712 2766 Fortschritt

687 2800 800 2861 des
835 2797 1276 2860 Sozialismus.
1375 2798 1552 2860 Aber
1604 2816 1734 2859 man
1782 2797 1956 2858 kamı
2006 2794 2250 2858 bereits
2286 2795 2708 2857 beobachten.

681 2889 802 2951 wie
874 2907 941 2950 es
1013 2888 1194 2949 mehr
1265 2888 1397 2950 und
1450 2887 1626 2948 sehr
1697 2888 1797 2948 ins
1848 2887 2144 2947 Wanken
2224 2889 2428 2965 gerät.
2533 2885 2712 2958 „Wir

681 2978 911 3040 wollen
983 2996 1219 3040 unsere
1267 2976 1870 3055 Angelegenheiten
1944 2975 2148 3037 selbst
2218 2974 2283 3035 im
2359 2975 2463 3035 die
2523 2974 2711 3034 Hand

679 3068 973 3130 nelimen.
1013 3068 1175 3130 ohne
1206 3065 1310 3129 die
1344 3064 1614 3129 Befehle
1649 3064 1829 3127 einer
1862 3065 2237 3144 Kegierung
2272 3065 2708 3127 abzuwarten.

680 3159 813 3222 und
862 3158 1122 3219 werden
1171 3159 1333 3219 über
1408 3156 1510 3218 die
1559 3154 1772 3234 Köpfe
1837 3158 2025 3235 jener
2096 3152 2709 3233 hinwegschreiten.

684 3248 787 3310 die
838 3247 976 3309 sich
1024 3265 1144 3309 uns
1195 3248 1570 3326 gegenüber
1619 3248 1714 3308 als
1764 3244 2039 3321 Pfaffen.
2089 3242 2535 3321 Napitalisten
2583 3243 2714 3305 und

685 3335 1276 3418 Regierungsleute
1335 3333 1698 3415 aufspielen
1747 3335 2044 3413 wollen”,
2098 3351 2301 3412 sagen
2362 3332 2552 3395 heute
2609 3334 2711 3396 be-

675 3428 836 3491 reits
911 3426 1015 3491 die
1084 3425 1500 3489 Proletarier.
1598 3425 1807 3487 Wenn
1879 3424 1981 3498 die
2052 3422 2489 3486 Anarchisten
2558 3421 2713 3485 Tort-

677 3518 927 3596 fahren,
983 3518 1107 3580 den
1156 3516 1618 3596 Aberglauben
1692 3514 1758 3576 in
1809 3515 1912 3576 die
1970 3512 2712 3593 kegierungs-Kinrich-

676 3617 925 3689 tungen
997 3626 1077 3671 zu
1155 3605 1566 3685 bekämpfen,
1632 3605 1773 3667 und
1845 3602 2036 3668 dabei
2085 3602 2267 3666 nicht
2335 3603 2541 3667 selbst
2588 3622 2712 3666 von

674 3699 881 3761 ihrem
929 3699 1134 3778 Wege
1182 3698 1583 3773 abkommen,
1658 3693 1872 3758 indem
1945 3694 2042 3757 sie
2114 3694 2251 3757 sich
2324 3692 2391 3757 in
2437 3692 2714 3772 Kämpfe

676 3808 777 3852 um
843 3788 947 3850 die
1017 3785 1653 3866 Regierungsmacht
1723 3784 2069 3863 einlassen,
2146 3784 2318 3846 dann
2389 3784 2565 3846 steht
2634 3802 2715 3845 zu

677 3877 912 3955 hoffen,
966 3877 1118 3940 dass
1177 3876 1246 3939 in
1315 3893 1614 3956 wenigen
1661 3874 1912 3938 Jahren
1961 3875 2077 3937 das
2137 3873 2465 3937 Vorurteil
2536 3872 2718 3936 einer

673 3966 1282 4033 Staatsoberhoheit
1328 3967 1673 4048 genügend
1721 3965 2118 4029 erschüttert
2166 3964 2306 4028 sein
2363 3964 2549 4040 wird,
2609 3982 2716 4026 um

676 4057 859 4122 nicht
936 4059 1119 4121 mehr
1177 4057 1500 4121 imstande
1573 4076 1653 4119 zu
1724 4055 1883 4135 sein,
1961 4055 2064 4119 die
2136 4053 2537 4118 Proletarier
2608 4050 2722 4116 auf

674 4149 867 4213 einen
919 4148 1331 4229 unrichtigen
1382 4148 1546 4227 Weg
1595 4165 1675 4209 zu
1721 4145 1941 4210 leiten.

1594 4289 1800 4325 —XIe

686 2453 880 2501 tums-
934 2439 1064 2499 und
1115 2437 1848 2516 Gottes-Aberglauben
1897 2437 2124 2498 haben.

869 2529 1105 2591 Dieses
1173 2527 1497 2590 Vorurtei
1561 2565 1638 2570 —
1707 2528 1822 2590 das
1896 2526 2096 2588 letzte
2169 2525 2233 2587 in
2289 2526 2403 2587 der
2477 2524 2706 2588 Reihe:

687 2626 863 2696 tzott.
916 2617 1287 2696 Kigentun.
1362 2617 1739 2696 Reglerung
1788 2654 1871 2659 —
1923 2617 2178 2678 besteht
2252 2616 2414 2676 noch
2487 2616 2714 2676 Immer
