3021 4612
1457 331 1532 390 —_
1632 331 1674 390 A
1774 368 1853 374 —

633 511 712 575 in
784 511 899 575 der
945 509 1252 574 Klarheit
1299 514 1653 588 vertreten,
1704 509 1772 572 in
1820 509 2101 574 welcher
2147 510 2268 574 wir
2316 509 2410 574 sie
2482 512 2678 575 heute

645 600 991 666 auffassen.
1105 600 1273 664 Jene
1311 599 1660 680 Kämpfer
1727 600 1976 664 waren
2014 599 2153 663 sich
2225 600 2430 666 selbst
2496 600 2681 665 nicht

644 693 811 769 klar,
861 691 1082 755 weder
1128 692 1291 755 über
1351 691 1467 754 das
1514 691 1754 754 Wesen
1804 691 1919 752 der
1963 689 2377 771 Revolution,
2430 690 2536 754 die
2583 691 2680 755 sie

648 782 752 845 ins
798 780 1002 860 Werk
1050 783 1326 858 setzten.
1377 781 1545 843 noch
1601 781 1763 844 über
1835 780 1940 843 die
1987 779 2501 845 Fruchtbarkeit
2565 783 2680 845 des

647 890 859 935 neuen
904 869 1232 951 Prinzips,
1282 870 1562 935 welches
1612 869 1708 933 sie
1780 890 1861 934 zu
1929 869 2316 935 realisieren
2387 872 2677 935 suchten.

645 961 804 1024 Erst
835 959 962 1023 seit
1008 961 1220 1040 jenem
1267 960 1694 1040 praktischen
1717 960 2046 1023 Versuche
2092 960 2245 1023 kam
2293 980 2441 1024 man
2492 962 2678 1039 dazu.

650 1050 754 1114 die
807 1046 1111 1131 künftige
1159 1050 1614 1131 Ausdehnung
1673 1049 1786 1113 des
1834 1047 2120 1130 Begriffs
2170 1069 2252 1114 zu
2297 1052 2680 1117 übersehen,

644 1141 780 1204 und
850 1144 985 1203 erst
1056 1140 1261 1203 durch
1335 1140 1440 1209 die
1498 1139 1732 1204 Arbeit
1798 1141 1914 1203 der
1985 1140 2366 1220 Gedanken,
2440 1141 2681 1206 welche

651 1229 777 1293 seit
818 1231 1007 1311 jener
1030 1230 1180 1293 Zeit
1209 1249 1331 1294 vor
1379 1230 1519 1292 sich
1568 1229 1747 1311 ging,
1785 1229 2010 1293 wurde
2060 1230 2176 1293 das
2225 1250 2390 1294 neue
2415 1230 2683 1311 Prinzip

640 1321 827 1383 mehr
897 1320 1031 1383 und
1100 1320 1282 1383 mehr
1352 1320 1614 1401 geklärt
1682 1320 1815 1382 und
1885 1337 2099 1399 genau
2168 1319 2552 1401 formuliert,
2613 1340 2683 1384 so

647 1410 799 1474 dass
871 1428 939 1473 es
1011 1411 1080 1473 in
1154 1411 1370 1474 seiner
1435 1417 1692 1491 ganzen
1764 1408 2053 1487 Schärfe.
2129 1410 2484 1475 Schönheit
2552 1413 2686 1475 und

647 1498 1142 1580 Gerechtigkeit
1217 1500 1515 1564 erschien
1586 1501 1718 1562 und
1791 1499 1895 1562 die
1975 1518 2182 1580 ganze
2254 1501 2687 1581 Wichtigkeit

643 1589 859 1653 seiner
903 1589 1428 1667 Konsequenzen
1472 1590 1921 1653 überschauen
1968 1589 2144 1651 liess.

822 1715 1112 1779 Seitdem
1163 1716 1280 1779 der
1331 1715 1755 1779 Sozialismus
1804 1715 1873 1777 in
1924 1716 2049 1778 den
2084 1717 2121 1773 5
2158 1717 2315 1779 oder
2350 1717 2387 1777 6
2436 1717 2686 1781 Jahren

638 1824 761 1869 vor
818 1806 933 1868 der
979 1804 1343 1869 Kommune
1392 1805 1583 1868 einen
1652 1823 1863 1868 neuen
1911 1804 2236 1886 Schwung
2304 1807 2688 1869 bekommen

653 1895 853 1972 hatte.
903 1893 1346 1977 beschäftigte
1392 1914 1513 1959 vor
1571 1895 1762 1958 allem
1812 1893 1954 1958 eine
2001 1894 2222 1976 Frage
2295 1896 2399 1959 die
2445 1897 2687 1976 Propa-

656 1984 1006 2066 gandisten
1056 1986 1172 2049 der
1218 1987 1536 2050 nächsten
1585 1985 1875 2049 sozialen
1920 1985 2332 2050 Revolution.

831 2092 923 2155 Es
972 2112 1111 2155 war
1160 2092 1266 2155 die
1313 2093 1552 2173 Frage,
1604 2092 1673 2155 in
1720 2093 2001 2157 welcher
2046 2093 2268 2157 Weise
2318 2094 2423 2157 die
2470 2095 2688 2175 politi-

660 2182 860 2245 schen
936 2182 1281 2245 Verbände
1362 2183 1476 2245 der
1554 2181 1994 2247 Gesellschaft
2071 2202 2175 2246 am
2249 2185 2481 2247 besten
2575 2185 2691 2247 der

661 2291 933 2352 grossen
964 2271 1553 2337 wirtschaftlichen
1584 2273 2013 2354 Umwälzung
2045 2293 2455 2354 anzupassen
2489 2274 2687 2352 seien,

654 2361 900 2427 welche
948 2362 1018 2424 in
1065 2362 1274 2442 Folge
1350 2364 1463 2424 der
1511 2363 1867 2426 modernen
1913 2363 2379 2444 Entwicklung
2435 2365 2504 2427 in
2576 2366 2692 2427 der

659 2451 987 2521 Industrie
1035 2470 1309 2514 unserer
1358 2451 1759 2515 (seneration
1805 2453 2213 2529 bevorsteht;
2263 2454 2398 2516 und
2443 2454 2690 2532 weiter,

657 2560 794 2606 wer
852 2542 957 2605 die
1005 2540 1459 2623 Abschaffung
1518 2543 1631 2606 des
1680 2542 2280 2623 Privateigentums
2329 2543 2695 2608 vollziehen

658 2632 793 2695 und
841 2651 925 2694 an
976 2632 1211 2694 dessen
1261 2632 1458 2694 Stelle
1521 2634 1646 2695 den
1696 2632 2180 2696 Gemeinbesitz
2234 2635 2346 2696 des
2418 2654 2691 2715 ganzen,

657 2739 782 2783 uns
807 2739 937 2783 von
967 2740 1250 2783 unseren
1275 2721 1641 2784 Vorfahren
1668 2724 2215 2785 überkommenen
2249 2724 2696 2803 gesellschaft-

532 2809 867 2895 “lichen
912 2810 1293 2875 Reichtums
1344 2815 1564 2875 setzen
1616 2812 1793 2876 solle.

839 2918 967 2981 Die
1044 2919 1560 2983 Internationale
1639 2920 2395 2984 Arbeiter-Assoziation
2471 2924 2696 2985 beant-

659 3010 934 3073 wortete
1007 3008 1186 3076 diese
1252 3008 1488 3089 Frage.
1585 3010 1711 3072 Die
1782 3009 2247 3091 Vereinigung,
2322 3014 2508 3092 sagte
2580 3011 2695 3091 sie,

670 3097 821 3162 darf
864 3097 1005 3161 sich
1051 3099 1236 3161 nicht
1285 3097 1398 3162 auf
1451 3098 1595 3162 eine
1642 3099 1885 3163 Nation
1959 3099 2156 3163 allein
2226 3100 2697 3182 beschränken,

666 3189 763 3252 sie
810 3207 987 3251 muss
1038 3189 1179 3252 sich
1227 3191 1388 3251 über
1438 3189 1542 3252 die
1590 3190 1923 3253 künstlich
1973 3208 2350 3270 gezogenen
2399 3191 2700 3255 Grenzen

657 3277 1217 3341 hinausarbeiten.
1315 3278 1463 3341 Und
1518 3278 1675 3341 bald
1747 3280 1957 3359 drang
2006 3279 2221 3342 dieser
2268 3279 2584 3343 Gedanke
2630 3282 2701 3344 in

669 3366 773 3432 die
844 3367 1103 3431 Herzen
1173 3369 1288 3430 der
1358 3369 1601 3432 Völker
1671 3368 1776 3431 ein
1847 3369 1981 3432 und
2051 3369 2308 3432 machte
2379 3369 2519 3434 sich
2597 3371 2702 3435 die

658 3457 930 3532 Geister
963 3478 1044 3521 zu
1078 3458 1286 3539 eigen.
1362 3458 1652 3543 Seitdem
1700 3459 1815 3521 hat
1849 3458 1953 3522 die
1986 3457 2498 3523 Internationale
2530 3465 2701 3524 trotz

667 3547 832 3612 aller
894 3546 1384 3629 Verfolgungen
1459 3549 1576 3611 der
1645 3548 2058 3628 vereinigten
2127 3548 2703 3616 Beaktionsmeute

669 3637 906 3720 gelebt,
957 3639 1092 3702 und
1161 3657 1353 3703 wenn
1425 3637 1606 3702 eines
1656 3639 1871 3719 Tages
1946 3638 2051 3701 die
2098 3637 2547 3722 Hindernisse,
2599 3642 2704 3706 die

667 3748 819 3792 man
867 3728 972 3792 ihr
1019 3729 1087 3792 in
1148 3730 1271 3792 den
1321 3730 1487 3810 Wer
1560 3729 1782 3809 gelegt
1849 3729 1982 3810 hat,
2036 3729 2240 3794 durch
2311 3730 2416 3795 die
2462 3732 2706 3797 Völker

662 3817 978 3898 beseitigt
1023 3819 1290 3883 worden
1340 3818 1506 3897 sind,
1561 3836 1631 3881 so
1665 3818 1833 3883 wird
1881 3818 1975 3882 sie
2025 3820 2284 3885 stärker
2332 3821 2430 3884 als
2471 3822 2704 3902 jemals

662 3906 812 3972 aufs
858 3927 1022 3972 neue
1072 3908 1141 3972 in
1191 3909 1296 3973 die
1343 3907 1803 3990 Erscheinung
1849 3912 2083 3974 treten.

834 4016 1140 4080 Welches
1228 4017 1378 4081 sind
1456 4036 1590 4080 nun
1670 4015 1776 4081 die
1852 4017 2322 4101 Bestandteile,
2405 4020 2510 4084 die
2586 4020 2709 4087 wir

660 4105 855 4169 heute
902 4107 1070 4169 noch
1107 4126 1240 4171 von
1293 4107 1511 4171 dieser
1543 4124 1818 4188 grossen
1850 4108 2296 4191 Vereinigung
2328 4109 2708 4175 vorfinden?

838 4196 1018 4263 Zwei
1078 4197 1415 4280 mächtige
1465 4197 2092 4282 Ideenströmungen
2166 4206 2528 4268 antworten
2600 4200 2756 4267 auf
