2979 4585
1454 289 1538 296 —
1640 249 1717 311 16
1791 283 1907 320 —

646 431 948 496 zureifen
974 432 1108 495 und
1143 431 1247 494 die
1282 449 1492 511 ganze
1520 430 1696 493 Welt
1720 429 1841 492 mit
1865 429 2056 492 ihren
2087 429 2699 509 lebenspendenden

656 522 963 588 Strahlen
1010 541 1092 586 zu
1140 521 1446 585 erhellen.

835 612 962 675 Die
1010 612 1389 691 Belehrung
1462 615 1592 675 von
1666 611 1832 672 1871
1917 610 2033 672 hat
2106 611 2251 673 dem
2306 610 2701 673 Proletariat

661 704 776 765 der
826 721 1080 782 ganzen
1106 700 1283 764 Welt
1329 704 1625 781 genützt,
1677 699 1829 778 und,
1880 699 2001 761 mit
2064 698 2193 762 den
2241 700 2419 762 alten
2464 699 2698 763 Vorur-

657 791 860 855 teilen
883 791 1233 870 brechend,
1285 791 1499 853 haben
1527 789 1632 854 die
1657 788 2060 852 Proletarier
2084 788 2330 853 bereits
2352 788 2537 871 klipp
2567 790 2702 853 und

658 883 806 944 klar
823 886 1086 961 gesagt.
1123 899 1258 943 was
1295 880 1390 942 sie
1424 884 1617 942 unter
1650 879 1873 942 ihrer
1905 879 2302 943 Revolution
2332 880 2698 944 verstehen.

840 1060 931 1123 Es
991 1059 1078 1122 ist
1150 1059 1384 1137 sicher,
1439 1060 1591 1122 dass
1666 1057 1770 1121 die
1842 1059 2114 1121 nächste
2161 1059 2519 1139 Erhebung
2588 1059 2703 1122 der

658 1151 1066 1213 Kommunen
1090 1149 1159 1212 in
1183 1148 1593 1212 Frankreich
1629 1149 1812 1211 nicht
1836 1149 2020 1211 mehr
2046 1149 2191 1212 eine
2216 1149 2394 1212 bloss
2416 1150 2701 1212 kommu-

662 1239 1049 1303 nalistische
1120 1239 1501 1319 Bewegung
1582 1238 1722 1301 sein
1801 1237 1986 1302 wird.
2106 1238 2519 1320 Diejenigen,
2599 1239 2703 1302 die

659 1330 826 1392 noch
874 1328 1103 1392 immer
1175 1329 1478 1409 glauben.
1530 1347 1682 1391 man
1738 1333 1955 1391 müsse
2029 1328 2174 1391 eine
2245 1328 2703 1409 unabhängige

659 1421 1021 1482 Kommune
1103 1418 1395 1481 schaffen
1472 1419 1607 1481 und
1687 1419 1861 1481 dann
1940 1418 2283 1482 innerhalb
2365 1419 2706 1482 derselben

661 1509 990 1572 Versuche
1061 1507 1643 1572 wirtschaftlicher
1712 1506 2066 1571 Reformen
2148 1508 2486 1587 anstellen,
2557 1508 2706 1571 sind

661 1617 789 1662 von
824 1599 940 1661 der
965 1598 1434 1679 Entwicklung
1470 1598 1583 1661 des
1612 1597 2064 1677 Volksgeistes
2098 1598 2399 1661 überholt
2420 1599 2702 1663 worden.

662 1689 805 1750 Wir
860 1688 1120 1765 wissen.
1174 1689 1328 1751 dass
1399 1687 1505 1751 die
1552 1688 1960 1750 Kommunen
2034 1689 2149 1751 der
2219 1689 2533 1751 nächsten
2582 1688 2704 1752 Ge-

664 1778 1199 1857 schichtsepoche
1247 1798 1372 1840 nur
1423 1778 1627 1840 durch
1674 1777 2179 1857 revolutionäre,
2232 1777 2707 1842 sozialistische

663 1869 1146 1946 Massnahmen.
1183 1868 1354 1930 nach
1388 1865 1841 1947 Abschaffung
1892 1868 2004 1930 des
2040 1867 2705 1948 Privat-Eigentums.

667 1958 807 2021 sich
877 1956 1245 2036 befestigen
1294 1958 1430 2020 und
1502 1957 1642 2019 ihre
1692 1957 2275 2039 Unabhängigkeit
2342 1959 2709 2037 behaupten

670 2050 928 2110 können
980 2049 1258 2110 werden.
2392 2100 2395 2102 |

852 2138 952 2199 An
1007 2137 1152 2199 dem
1201 2137 1403 2216 Tage.
1459 2156 1542 2198 an
1593 2137 1738 2198 dem
1787 2135 2034 2217 infolge
2085 2137 2202 2199 der
2248 2136 2711 2218 Entwicklung

673 2227 776 2290 die
824 2226 1205 2307 Regierung
1264 2225 1756 2308 hinweggefegt
1804 2226 1946 2289 sein
1993 2227 2127 2290 und
2175 2227 2263 2289 im
2309 2227 2527 2308 Lager
2595 2229 2711 2290 der

669 2316 1118 2396 Bourgeoisie,
1196 2315 1303 2378 die
1377 2315 1517 2378 sich
1590 2335 1713 2378 nur
1783 2321 1975 2378 unter
2047 2311 2193 2379 dem
2251 2316 2529 2380 Schutze
2596 2319 2709 2380 des

672 2406 931 2469 Staates
982 2426 1062 2468 zu
1109 2406 1334 2468 halten
1380 2425 1670 2485 vermag,
1710 2406 1814 2468 die
1861 2405 2257 2484 kopfloseste
2288 2406 2708 2486 Verwirrung

670 2495 929 2576 Einzug
1000 2495 1225 2559 halten
1272 2494 1458 2575 wird,
1535 2515 1618 2558 an
1691 2496 1834 2558 dem
1883 2496 2062 2576 Tage
2132 2495 2299 2561 wird
2369 2496 2486 2559 das
2544 2497 2708 2560 Volk

670 2587 853 2648 nicht
902 2586 1083 2648 mehr
1134 2591 1476 2649 erwarten.
1532 2586 1684 2648 dass
1733 2586 1966 2665 irgend
2016 2586 2161 2648 eine
2208 2586 2589 2666 Regierung
2642 2587 2709 2649 in

672 2667 850 2737 ihrer
921 2675 1375 2755 grossartigen
1422 2674 1744 2737 Weisheit
1812 2676 2067 2738 komme
2137 2676 2271 2738 und
2317 2675 2708 2740 wirtschaft-

650 2765 839 2827 liche
911 2762 1264 2828 Reformen
1337 2764 1728 2828 dekretiere.
1826 2763 1963 2828 Das
2038 2765 2206 2828 Volk
2277 2766 2481 2830 selbst
2547 2766 2712 2831 wird

676 2856 791 2917 das
840 2854 1407 2935 Privateigentum
1482 2856 1686 2918 durch
1757 2855 2268 2935 Expropriation
2341 2856 2711 2920 abschaffen

673 2945 807 3006 und
876 2944 964 3006 im
1030 2945 1281 3007 Namen
1356 2945 1469 3007 des
1542 2949 1884 3025 gesamten
1931 2946 2172 3008 Volkes
2243 2965 2390 3009 vom
2460 2965 2713 3027 ganzen

675 3032 1316 3114 gesellschaftlichen
1392 3034 1739 3098 Reichtum
1796 3034 2049 3098 Besitz
2147 3034 2492 3116 ergreifen,
2589 3037 2713 3100 den

673 3125 1301 3205 vorhergegangene
1352 3124 1823 3188 Geschlechter
1873 3126 2077 3188 durch
2125 3125 2267 3189 ihre
2298 3126 2532 3190 Arbeit
2578 3126 2712 3190 auf-

676 3214 1019 3292 stapelten.
1115 3215 1208 3277 Es
1256 3214 1424 3277 wird
1474 3214 1616 3277 sich
1663 3213 1847 3277 nicht
1921 3214 2126 3277 damit
2193 3217 2557 3296 begnügen,
2608 3216 2714 3280 die

676 3303 1284 3384 unrechtmässigen
1318 3304 1658 3385 Aneigner
1693 3304 1804 3367 des
1838 3304 2486 3384 gesellschaftlichen
2514 3306 2713 3386 Kapi-

676 3393 804 3456 tals
856 3393 1060 3456 durch
1110 3393 1215 3457 ein
1263 3394 1537 3475 Dekret,
1592 3394 1709 3458 das
1757 3414 1882 3458 nur
1930 3394 2039 3458 ein
2085 3399 2257 3460 totes
2304 3396 2716 3461 Aktenstück

676 3483 900 3561 bleibt,
953 3503 1034 3547 zu
1062 3484 1580 3563 expropriieren:;
1619 3503 1687 3547 es
1735 3484 1903 3548 wird
1952 3484 2066 3548 auf
2112 3487 2229 3548 der
2260 3486 2461 3549 Stelle
2490 3487 2713 3550 Besitz

680 3572 1010 3655 ergreifen
1067 3573 1453 3655 und:»seine
1501 3574 1752 3637 Rechte
1824 3575 2091 3656 geltend
2159 3576 2450 3655 machen,
2499 3576 2717 3640 indem

678 3683 746 3726 es
830 3664 945 3727 das
1025 3665 1448 3728 vorhandene
1529 3665 2128 3746 gesellschaftliche
2206 3665 2477 3747 Kapital
2552 3667 2718 3732 ohne

679 3754 939 3833 Verzug
986 3753 1055 3815 in
1106 3753 1452 3817 Gebrauch
1512 3755 1759 3817 nimmt.
1855 3756 1948 3818 Es
1996 3756 2164 3819 wird
2213 3755 2355 3818 sich
2400 3755 2604 3820 selbst
2649 3758 2717 3820 in

683 3842 799 3904 der
845 3843 1253 3906 Werkstätte
1326 3844 1712 3919 einrichten,
1789 3864 1893 3924 um
1967 3844 2257 3909 dieselbe
2327 3845 2398 3908 in
2451 3845 2717 3911 Betrieb

673 3951 764 3995 zu
814 3936 1056 3997 setzen.
1154 3933 1281 3996 Die
1332 3935 1562 3997 elende
1610 3934 1813 3997 Hütte
1861 3934 2029 3999 wird
2078 3954 2149 3998 es
2198 3934 2319 3998 mit
2374 3934 2556 4000 einer
2610 3957 2718 4020 ge-

674 4022 936 4087 sunden
967 4024 1316 4104 Wohnung
1362 4025 1817 4089 vertauschen.
1913 4026 2005 4088 Es
2039 4025 2207 4090 wird
2252 4029 2718 4109 unverzüglich

671 4112 1199 4193 Vorkehrungen
1269 4112 1524 4194 treffen,
1575 4134 1683 4176 um
1732 4114 1872 4177 sich
1946 4115 2058 4177 des
2131 4135 2404 4197 ganzen,
2454 4118 2524 4182 in
2594 4120 2719 4184 den
