3029 4617
1259 401 1342 407 _
1444 365 1655 423 ii.

436 544 541 609 die
614 543 826 608 einem
930 541 1429 624 protzenhaften
1501 545 1720 608 Luxus
1800 543 2475 625 gegenüberstanden,

434 636 567 699 und
645 635 822 697 dank
894 635 1012 697 der
1057 632 1439 714 Regierung
1486 638 1732 697 musste
1805 653 1874 697 es
1949 635 2073 697 alle
2123 635 2472 713 Versuche,

435 723 680 787 diesem
739 722 1203 787 schändlichen
1236 722 1622 803 Regimente
1671 724 1776 786 ein
1820 724 2007 787 Ende
2056 744 2137 787 zu
2184 724 2474 802 machen,

442 814 889 895 fehlschlagen
963 813 1179 877 sehen.
1278 812 1359 877 So
1435 813 1527 876 oft
1601 814 1717 877 das
1790 814 1956 877 Volk
2028 814 2115 877 im
2187 812 2478 896 Begriffe

440 925 596 983 war,
647 904 831 979 einer
898 904 1382 967 freiheitlichen
1428 904 1808 984 Bewegung
1856 925 1936 968 zu
2009 905 2251 985 folgen,
2302 905 2476 985 legte

442 995 572 1058 ihm
623 993 728 1057 die
775 993 1156 1074 Regierung
1203 993 1479 1057 Fesseln
1537 993 1666 1072 auf.
1719 995 1851 1056 und
1902 1012 1970 1057 so
2021 996 2243 1058 wurde
2309 1013 2476 1074 ganz

444 1104 565 1147 von
640 1086 846 1148 selbst
937 1083 1041 1146 die
1113 1083 1264 1146 Idee
1336 1084 1494 1161 laut,
1570 1084 1762 1147 Paris
1838 1084 1934 1147 als
2014 1085 2475 1166 unabhängige

443 1176 800 1238 Kommune
875 1194 954 1238 zu
1050 1174 1522 1238 konstituieren
1596 1175 1727 1237 und
1823 1175 2163 1238 innerhalb
2261 1174 2476 1239 seiner

439 1266 711 1328 Mauern
763 1285 887 1328 nur
938 1265 1054 1327 das
1107 1265 1205 1327 ins
1241 1264 1441 1326 Werk
1491 1284 1568 1326 zu
1622 1275 1866 1342 setzen.
1919 1284 2053 1328 was
2107 1266 2222 1328 der
2245 1265 2473 1327 Volks-

437 1355 610 1431 geist
658 1354 988 1417 diktierte.

608 1445 691 1509 So
766 1446 1089 1508 schwebte
1164 1446 1278 1508 das
1339 1446 1522 1507 Wort
1601 1445 2037 1509 „Kommune“
2119 1450 2233 1509 auf
2291 1447 2472 1509 Aller

427 1536 699 1615 Lippen.

606 1897 729 1960 Die
778 1898 1137 1960 Kommune
1189 1917 1311 1960 von
1367 1899 1522 1957 I>71
1597 1898 1839 1959 konnte
1900 1897 2114 1960 nichts
2188 1898 2462 1959 anderes

426 1988 566 2052 sein
616 1989 713 2051 als
763 1988 867 2051 ein
942 1993 1152 2052 erster
1222 1988 1596 2051 schwacher
1645 1987 1951 2051 Versuch:
2057 1988 2463 2051 Entstanden

429 2100 531 2140 am
601 2082 954 2159 Ausgange
1052 2079 1230 2140 eines
1315 2078 1613 2156 Krieges.
1710 2079 1989 2141 bedroht
2081 2097 2205 2139 von
2303 2078 2464 2141 zwei

422 2173 721 2247 Armeen,
776 2168 879 2230 die
928 2168 1139 2231 bereit
1187 2187 1422 2230 waren.
1476 2168 1616 2229 sich
1667 2187 1746 2230 zu
1772 2168 2151 2245 verbinden.
2189 2186 2293 2229 um
2346 2168 2459 2230 das

423 2259 589 2321 Volk
639 2278 720 2321 zu
767 2259 1210 2339 unterjochen.
1242 2265 1453 2338 wagte
1506 2258 1598 2319 sie
1650 2257 1849 2335 nicht,
1887 2257 2026 2320 sich
2061 2257 2463 2339 vollständig

425 2349 540 2412 auf
586 2350 701 2412 das
752 2349 1212 2411 ökonomische
1264 2349 1497 2411 (reblet
1551 2368 1627 2409 zu
1656 2348 1918 2410 werfen.
2017 2348 2123 2411 Sie
2176 2349 2459 2410 erklärte

425 2440 563 2501 sich
634 2439 817 2502 nicht
888 2440 985 2501 als
1059 2438 1499 2501 söozlalistisch
1575 2438 1701 2499 und
1777 2438 2009 2500 schritt
2058 2439 2276 2500 weder
2349 2458 2463 2500 zur

429 2528 938 2609 Expropriation
1013 2529 1123 2592 des
1175 2527 1498 2608 Napitals.
1561 2528 1724 2591 noch
1804 2548 1920 2592 zur
1991 2527 2461 2608 Organisation

428 2621 542 2682 der
590 2619 842 2682 Arbeit.
898 2622 963 2698 ja
1042 2620 1206 2682 auch
1277 2619 1455 2681 nicht
1530 2619 1768 2681 eimmal
1842 2639 1958 2681 zur
2030 2618 2462 2700 eründlichen

431 2711 930 2789 Untersuchung
980 2711 1095 2772 der
1142 2708 1573 2785 Hilfsquellen
1628 2709 1743 2771 der
1793 2708 2001 2771 Stadt.
2102 2708 2210 2771 Sie
2260 2709 2460 2770 bracl:

424 2799 602 2862 nicht
652 2799 892 2863 einmal
939 2799 1058 2862 mit
1109 2799 1223 2861 der
1272 2797 1613 2861 Tradition
1668 2798 1779 2861 des
1830 2797 2089 2861 Staates
2140 2798 2297 2860 oder
2347 2798 2462 2861 der

431 2889 1349 2971 Repräsentativ-Regierung
1391 2890 1520 2952 und
1573 2889 1916 2951 versuchte
2011 2889 2208 2964 nicht.
2282 2888 2461 2951 diese

424 2980 890 3058 Organisation
944 2981 1060 3043 der
1105 2979 1529 3043 Einfachheit
1578 2980 1662 3041 im
1714 2998 1989 3058 grossen
2041 2998 2120 3040 zu
2148 2977 2459 3041 verwirk-

423 3070 656 3144 lichen,
710 3071 814 3133 die
865 3071 959 3133 sie
1021 3070 1226 3133 damit
1272 3069 1646 3148 versprach.
1703 3069 1855 3132 dass
1906 3069 1999 3132 sie
2063 3068 2165 3131 die
2216 3067 2457 3149 völlige

423 3160 1008 3242 Unabhängiskeit
1055 3161 1190 3223 und
1239 3161 1354 3223 das
1412 3159 1574 3223 freie
1625 3158 2270 3223 Zusammenwirken
2344 3159 2458 3222 der

423 3251 763 3314 einzelnen
808 3251 1216 3314 Kommunen
1265 3250 1691 3314 verkündete.

601 3343 776 3406 Aber
846 3360 915 3404 es
988 3341 1076 3403 ist
1145 3340 1404 3421 gewiss.
1480 3358 1667 3404 wenn
1740 3339 1845 3402 die
1894 3339 2255 3401 Kommune
2331 3358 2458 3402 von

422 3432 612 3494 Paris
686 3432 906 3513 einige
977 3432 1242 3494 Monate
1312 3432 1544 3511 länger
1615 3429 1838 3511 gelebt
1907 3431 2109 3507 hätte,
2161 3428 2256 3492 sie
2317 3429 2438 3493 siel

417 3521 1010 3602 naturnotwendig,
1064 3521 1268 3585 durch
1339 3521 1443 3584 die
1494 3520 1752 3584 Gewalt
1824 3521 1939 3583 der
1988 3520 2453 3582 Verhältnisse.

419 3612 647 3675 diesen
718 3612 944 3676 Zielen
1039 3612 1468 3692 zugewendet
1562 3611 1760 3674 hätte.
1882 3611 2247 3690 Vergessen
2337 3611 2457 3674 wir

416 3703 619 3767 nicht.
694 3703 847 3767 dass
922 3702 1027 3767 die
1098 3702 1526 3784 Bourgeoisie
1601 3702 1768 3765 volle
1843 3700 1986 3767 vier
2049 3701 2453 3764 Jahrzehnte

415 3792 928 3857 fortdauernder
959 3792 1438 3857 Revolutionen
1487 3792 1911 3873 gebrauchte,
1951 3810 2055 3854 um
2107 3809 2223 3854 aus
2273 3792 2456 3853 einer

416 3882 863 3964 eemässigten
910 3882 1288 3947 Monarchie
1338 3882 1407 3945 in
1459 3882 1602 3946 eine
1666 3880 2077 3962 bürgerliche
2126 3880 2453 3960 Republik

416 3993 498 4038 zu
569 3974 915 4055 gelangen,
969 3974 1102 4037 und
1159 3973 1282 4038 wir
1351 3974 1611 4036 können
1684 3972 1867 4036 nicht
1939 3975 2239 4035 erstaunt
2311 3970 2452 4034 sein

417 4066 719 4145 darüber,
772 4065 924 4128 dass
986 4065 1105 4128 das
1152 4064 1318 4127 Volk
1367 4084 1494 4127 von
1543 4064 1733 4126 Paris
1800 4063 1983 4125 nicht
2053 4061 2172 4125 mit
2241 4061 2449 4124 einem

413 4154 716 4236 Sprunge
779 4156 979 4237 jenen
1050 4153 1386 4218 Zeitraum
1461 4154 1924 4218 durchmessen
1997 4153 2259 4230 konnte,
2326 4151 2453 4214 der

414 4245 521 4309 die
597 4245 1116 4311 anarchistischa
1189 4244 1550 4309 Kommune
1623 4264 1748 4309 von
1832 4244 1948 4308 der
2015 4244 2130 4307 der
2201 4242 2448 4306 Staats-
