3041 4625
1399 373 1401 375 .
1627 372 1646 393 R}

1431 408 1647 415 RR
1745 376 1824 432 —_

601 551 920 617 banditen
996 556 1238 616 trennt.
1335 552 1514 617 Aber
1560 552 1682 616 wir
1750 553 1990 619 wissen
2063 555 2248 633 auch,
2296 555 2457 639 dass
2539 555 2645 619 die

602 644 873 708 nächste
920 642 1316 708 Revolution
1363 642 1433 706 in
1479 642 1909 724 Frankreich,
1962 644 2068 709 die
2126 645 2195 707 in
2227 644 2642 709 Frankreich

601 734 736 797 und
786 735 1023 798 ebenso
1073 732 1409 797 bestimmt
1454 733 1525 796 in
1572 732 1860 814 Spanien
1905 735 2050 797 rein
2096 735 2643 799 kommunistisch

605 823 749 887 sein
796 823 981 902 wird,
1034 824 1151 888 das
1183 825 1388 888 Werk
1436 824 1553 887 der
1613 824 1943 888 Kommune
1991 844 2121 890 von
2153 826 2345 889 Paris
2393 824 2646 891 wieder

606 914 754 976 dort
802 912 1193 984 aufnehmen
1239 914 1424 992 wird.
1460 933 1559 979 wo
1605 934 1673 977 es
1709 915 1913 979 durch
1947 915 2052 978 die
2084 916 2643 980 meuchlerischen

602 1002 979 1068 Ueberfälle
1029 1004 1146 1068 der
1196 1003 1553 1067 Versailler
1602 1005 2056 1085 abgebrochen
2104 1006 2351 1069 wurde.

1347 1184 1383 1220 *
1854 1184 1887 1219 *

780 1368 906 1433 Die
974 1370 1337 1434 Kommune
1430 1370 1752 1451 unterlag,
1833 1371 1966 1434 und
2061 1370 2166 1435 die
2213 1371 2641 1453 Bourgeoisie

569 1461 826 1531 rächte
899 1460 1039 1523 sich
1087 1498 1174 1505 —
1220 1460 1343 1525 wir
1410 1461 1671 1538 wissen,
1723 1460 1846 1524 wie
1894 1499 1980 1505 —
2037 1461 2144 1524 für
2216 1462 2322 1525 die
2370 1461 2640 1540 Furcht,

603 1549 708 1613 die
760 1550 876 1614 das
924 1550 1093 1614 Volk
1140 1550 1245 1613 ihr
1294 1550 1672 1631 eingeflösst
1718 1551 1919 1628 hatte.
1966 1551 2185 1614 indem
2219 1570 2288 1614 es
2325 1552 2441 1615 das
2474 1552 2641 1616 Joch

604 1640 719 1704 der
765 1639 1224 1721 Regierenden
1298 1641 1751 1705 abschüttelte
1849 1640 1958 1705 Sie
2014 1642 2256 1707 bewies
2331 1641 2638 1706 deutlich.

604 1731 755 1794 dass
830 1730 934 1794 die
982 1732 1289 1794 moderne
1341 1730 1780 1795 (resellschaft
1828 1731 1966 1795 sich
2027 1732 2095 1795 in
2146 1732 2307 1796 zwei
2355 1732 2640 1796 Klassen

599 1820 771 1884 teilt:
872 1818 988 1884 auf
1055 1821 1170 1884 der
1241 1819 1431 1885 einen
1481 1821 1659 1884 Seite
1731 1822 1847 1884 der
1893 1821 2220 1900 Arbeiter.
2300 1822 2419 1885 der
2493 1823 2639 1885 dem

599 1911 1077 1976 Unternehmer
1147 1912 1330 1975 mehr
1403 1912 1498 1975 als
1572 1911 1677 1975 die
1726 1909 1946 1974 Hälfte
2017 1911 2234 1976 seiner
2303 1912 2640 1976 Produkte

600 2004 812 2082 geben
859 2020 1055 2081 muss,
1107 2002 1240 2065 und
1312 2003 1428 2065 der
1499 2002 1636 2066 sich
1708 2007 1878 2065 trotz
1929 2003 2205 2066 alledem
2277 2003 2442 2066 noch
2510 2004 2642 2068 viel

601 2110 684 2155 zu
752 2091 955 2154 leicht
1046 2094 1208 2155 über
1281 2092 1385 2154 die
1433 2092 1846 2155 Verbrechen
1905 2091 2119 2155 seines
2168 2092 2640 2173 Arbeitgebern

598 2180 1062 2262 hinwegsetzt;
1126 2180 1242 2245 auf
1310 2183 1426 2244 der
1496 2183 1783 2245 anderen
1832 2181 2008 2245 Seite
2082 2182 2198 2245 der
2244 2181 2638 2247 Faulenzer.

601 2272 717 2336 der
765 2272 1237 2352 Schmarotzer,
1297 2292 1425 2337 von
1499 2275 1620 2336 den
1679 2272 2037 2336 tierischen
2084 2272 2453 2350 Instinkten
2530 2293 2640 2355 ge-

597 2361 802 2440 leitet.
858 2363 973 2426 der
1020 2362 1202 2425 seine
1246 2362 1534 2426 Sklaven
1579 2363 1767 2425 hasst
1813 2364 1947 2425 und
1991 2363 2205 2425 bereit
2253 2358 2358 2441 ist,
2413 2364 2506 2426 sie
2560 2385 2638 2426 zu

599 2450 1024 2516 zerfleischen
1070 2452 1196 2516 wie
1245 2453 1352 2515 ein
1401 2451 1759 2516 Beutetier.

777 2543 1109 2607 Nachdem
1184 2543 1364 2607 diese
1442 2544 1717 2607 letztere
1787 2542 2024 2607 Klasse
2105 2544 2222 2607 das
2270 2543 2437 2607 Volk
2512 2564 2636 2608 von

596 2631 787 2695 Paris
839 2633 1369 2714 eingeschlossen
1425 2635 1561 2696 und
1615 2633 1806 2711 jeden
1854 2635 2172 2713 Ausgang
2219 2636 2640 2697 verrammelt

595 2717 809 2801 hatte,
870 2722 1027 2786 liess
1101 2723 1196 2785 sie
1270 2722 1374 2785 die
1451 2723 1652 2787 durch
1727 2724 1842 2786 das
1898 2723 2435 2788 Kasernenleben
2507 2726 2639 2787 und

594 2811 995 2877 reichlichen
1043 2813 1478 2894 Weingenuss
1526 2813 1883 2878 vertierten
1929 2811 2239 2877 Soldaten
2291 2813 2637 2878 aufziehen

594 2905 730 2966 und
801 2909 989 2984 sagte
1059 2904 1283 2967 ihnen:
1390 2905 1621 2980 „Tötet
1687 2904 1866 2966 diese
1923 2902 2135 2967 Wölfe
2209 2910 2377 2967 samt
2448 2906 2637 2967 ihren

593 2993 962 3056 Wölfinnen
1010 2994 1143 3057 und
1191 2993 1372 3056 ihrer
1412 2995 1657 3074 jungen
1707 2992 1943 3056 Brut!“
2045 2993 2193 3056 Und
2243 3014 2389 3057 zum
2432 2995 2638 3057 Volke

594 3088 831 3166 sagten
890 3084 1010 3147 sie:
1116 3085 1310 3164 „Was
1382 3083 1611 3148 immer
1657 3084 1769 3147 Ihr
1840 3084 2005 3147 auch
2075 3086 2196 3160 tut,
2248 3084 2360 3147 Ihr
2430 3089 2639 3148 müsst

595 3172 888 3243 sterben!
983 3176 1194 3238 Wenn
1239 3176 1351 3238 Ihr
1401 3175 1505 3238 die
1554 3173 1811 3237 Waffen
1859 3174 1927 3236 in
1978 3173 2081 3236 die
2128 3175 2360 3238 Hände
2407 3175 2638 3238 nimnit

594 3302 680 3309 —
729 3264 841 3327 Ihr
910 3270 1120 3328 müsst
1190 3265 1479 3328 sterben!
1577 3265 1789 3327 Wenn
1835 3264 1946 3326 Ihr
2014 3283 2136 3327 uns
2210 3264 2314 3327 die
2373 3264 2632 3330 Waffen

595 3354 901 3419 abliefert
952 3392 1029 3398 —
1080 3355 1193 3417 Ihr
1238 3359 1447 3418 müsst
1495 3353 1784 3418 sterben!
1885 3352 1980 3418 Ob
2023 3355 2135 3417 Ihr
2184 3354 2636 3438 dreinschläet

593 3446 750 3509 oder
806 3465 913 3508 um
963 3446 1194 3509 Gnade
1260 3445 1418 3508 flieht
1465 3483 1550 3490 —
1599 3445 1710 3508 Ihr
1779 3449 1987 3508 müsst
2056 3447 2349 3509 sterben!
2450 3448 2631 3511 Naclı

591 3537 874 3601 welcher
923 3535 1101 3600 Seite
1156 3536 1269 3598 Ihr
1337 3535 1597 3599 blicken
1668 3540 1866 3616 mögt,
1940 3536 2108 3599 nach
2178 3537 2399 3600 rechts
2476 3539 2637 3602 oder

591 3625 787 3707 links,
839 3626 1007 3690 nach
1054 3645 1257 3691 vorne
1308 3626 1464 3693 oder
1509 3624 1757 3703 hinten,
1808 3625 1877 3689 in
1926 3625 2030 3690 die
2079 3626 2263 3691 Höhe
2312 3627 2471 3690 oder
2520 3648 2637 3691 zur

590 3717 769 3781 Erde
836 3756 921 3762 —
991 3718 1104 3780 Ihr
1171 3721 1381 3780 müsst
1451 3717 1741 3781 sterben!
1836 3717 1948 3781 Ihr
2016 3718 2192 3781 steht
2260 3718 2444 3782 nicht
2512 3739 2637 3782 nur

592 3808 976 3871 ausserhalb
1028 3807 1191 3870 aller
1214 3806 1512 3887 Gesetze,
1549 3807 1827 3871 sondern
1880 3808 2046 3871 auch
2080 3808 2463 3871 ausserhalb
2519 3810 2636 3872 der

590 3896 1158 3977 Menschlichkeit,
1232 3897 1367 3960 und
1443 3898 1676 3981 weder
1727 3898 1914 3961 Alter
1990 3898 2157 3961 noch
2239 3897 2636 3962 Geschlecht

552 4046 555 4049 .
590 3988 858 4055 werden
903 3988 1089 4052 Euch
1158 3991 1393 4066 retten,
1444 3988 1664 4052 weder
1710 3987 1894 4051 Euch
1942 3988 2106 4052 noch
2184 3988 2288 4051 die
2336 3987 2633 4071 Eurigen

592 4116 677 4124 —
725 4079 839 4143 Ihr
880 4082 1093 4142 müsst
1140 4078 1432 4142 sterben!
1528 4079 1706 4142 Aber
1752 4078 1991 4141 vorher
2045 4082 2255 4142 müsst
2300 4078 2412 4141 Ihr
2467 4080 2632 4143 noch

594 4170 721 4234 den
750 4169 1277 4251 Vorgeschmack
1330 4169 1543 4234 davon
1590 4168 1994 4248 bekommen,
2044 4168 2263 4232 indem
2282 4170 2408 4234 Ihr
2453 4170 2635 4234 Eure

591 4260 875 4342 Weiber,
912 4260 1344 4339 Schwestern,
1380 4260 1643 4338 Mütter,
1679 4258 1855 4323 Bure
1887 4260 2169 4325 Töchter
2216 4260 2350 4325 und
2393 4261 2632 4341 Söhne,
