3103 4681
565 1371 683 1428 At
758 1374 850 1426 }=.
913 1367 1092 1428 März
1157 1367 1302 1426 INdl
1389 1369 1585 1429 erlob
1661 1367 1796 1428 sich
1872 1367 1987 1428 das
2060 1366 2225 1428 Volk
2297 1385 2416 1428 vou

385 1456 570 1519 Parıs
646 1475 853 1536 gecen
907 1455 1049 1519 eine
1125 1457 1470 1537 allgemein
1544 1457 1919 1520 verachtete
1991 1457 2118 1519 und
2194 1458 2419 1519 veralh-

382 1548 648 1609 schente
696 1547 1076 1627 Regierung
1127 1548 1255 1610 und
1307 1548 1593 1609 erklärte
1627 1547 1817 1610 Paris
1866 1545 1971 1609 fir
2020 1546 2162 1609 eine
2215 1549 2412 1609 unal-

382 1637 683 1717 kängige.
733 1637 915 1702 freie.
970 1637 1104 1699 sich
1159 1638 1362 1700 selbst
1411 1638 1851 1701 verwaltende
1900 1637 2107 1699 Stadt.

563 1727 794 1790 Dieser
844 1728 1148 1792 Umstwz
1202 1728 1318 1790 der
1364 1726 1935 1791 zentralistischen
1968 1727 2410 1791 Staatsmacht

380 1818 637 1899 vollzog
687 1817 818 1880 sich
875 1818 1040 1880 ohne
1114 1818 1218 1880 die
1265 1819 1371 1881 bei
1421 1819 1600 1880 einer
1648 1818 2036 1882 Revolution
2111 1818 2409 1897 gewöhn-

378 1907 589 1971 chen
625 1909 1185 1988 Erscheinungen.
1226 1909 1391 1970 ohne
1415 1908 1953 1971 Flintenschüsse
1987 1908 2118 1970 und
2153 1908 2407 1971 Ströme

379 2017 502 2061 von
555 1998 726 2077 Blut.
781 1999 884 2061 die
935 1997 1049 2062 auf
1097 1999 1218 2061 den
1263 1998 1668 2062 Barrikaden
1723 2017 2078 2079 vergossen
2127 1999 2405 2061 werden.

377 2089 499 2151 Die
553 2091 1012 2152 (zewalthaber
1085 2089 1432 2152 fHüchteten
1508 2110 1623 2151 vor
1705 2090 1847 2152 dem
1926 2088 2273 2153 bewaffnet
2344 2090 2408 2150 in

379 2180 499 2241 den
537 2180 838 2243 Strassen
878 2180 1343 2243 erschienenen
1379 2181 1598 2243 Volke,
1640 2180 1743 2242 die
1777 2180 2080 2258 Truppen
2113 2186 2409 2241 räumte

377 2270 478 2331 die
532 2271 740 2340 Stadt,
795 2271 897 2333 die
949 2271 1262 2333 Beamten
1334 2268 1632 2333 machten
1707 2268 1841 2333 sich
1911 2269 1972 2332 in
2051 2269 2213 2333 aller
2260 2268 2402 2332 Eile

378 2364 490 2422 auf
560 2362 678 2424 den
733 2362 897 2441 Weg
969 2360 1131 2423 nach
1205 2361 1578 2423 Versailles.
1654 2359 1866 2423 indem
1942 2360 2036 2423 sie
2108 2359 2404 2439 zugleich

377 2451 537 2512 alles
586 2451 1106 2531 mutschleppten.
1161 2469 1294 2512 was
1346 2451 1440 2513 sie
1488 2471 1609 2513 nur
1667 2455 2028 2530 forttragen
2088 2451 2402 2512 konnten.

378 2541 498 2602 Die
557 2541 925 2612 Regierung
974 2541 1400 2605 verschwand
1450 2540 1569 2604 wie
1632 2540 1774 2603 eine
1824 2539 2052 2604 Pfütze
2116 2539 2404 2603 stinken-

376 2632 518 2699 den,
556 2631 771 2694 faulen
805 2633 1102 2696 Wassers
1153 2632 1322 2693 beim
1350 2632 1593 2694 Wehen
1631 2632 1744 2693 des
1778 2631 2405 2699 Frühlingswindes.

374 2720 513 2785 und
556 2743 654 2784 am
709 2724 973 2802 Morgen
1053 2724 1163 2784 des
1222 2727 1317 2783 10.
1373 2723 1553 2784 März
1627 2720 1781 2784 fand
1833 2721 1967 2782 sich
2020 2720 2209 2783 Paris
2281 2740 2408 2784 von

377 2813 517 2874 dem
594 2813 934 2874 Sehmurze
1008 2811 1262 2875 befreit.
1343 2814 1455 2873 der
1530 2812 1627 2873 te
1715 2830 1937 2875 grosse
2012 2811 2199 2873 Stadt
2266 2829 2408 2873 ver-

373 2911 586 2982 pester
639 2904 832 2964 hatie.

561 2995 930 3059 ergestalt
961 2997 1269 3054 eröffnete
1325 2993 1500 3054 diese
1530 2993 1920 3054 evolution
1957 2993 2146 3052 einen
2196 3010 2403 3053 Neuen

371 3082 722 3147 Abschnitt
805 3084 864 3144 in
968 3085 1081 3145 der
1161 3083 1576 3161 KReihenfolee
1686 3083 1799 3144 der
1877 3081 2405 3160 Umwälzungen.

375 3174 571 3237 durch
672 3175 956 3236 welchen
1059 3173 1160 3235 die
1246 3174 1486 3236 Völker
1566 3173 1746 3234 Ihren
1830 3173 1994 3238 Weg
2072 3190 2194 3233 von
2288 3172 2410 3233 der

374 3264 711 3328 Sklaverei
797 3285 910 3327 zur
993 3264 1280 3326 Freiheit
1365 3264 1638 3326 bahnen.
1767 3263 1891 3324 Mit
1961 3263 2112 3324 dem
2188 3263 2406 3324 Worte

380 3356 685 3417 „Pariser
732 3355 1129 3418 Kommune”
1187 3354 1404 3416 wide
1457 3353 1598 3415 eite
1671 3372 1834 3415 neue
1881 3352 2032 3414 Idee
2106 3354 2407 3419 geboren.

373 3446 515 3509 eime
575 3446 736 3508 Idee.
794 3445 895 3508 die
958 3446 1118 3507 dazu
1195 3443 1463 3506 berufen
1517 3463 1669 3507 war,
1725 3443 1827 3505 die
1877 3444 2061 3522 Ausg
2071 3427 2410 3580 angsbasis

373 3535 793 3616 zukituftiger
842 3536 1313 3598 wevolutlonen
1370 3555 1448 3596 Zu
1501 3535 1776 3597 werden.

551 3626 690 3688 Wie
730 3647 796 3688 es
833 3631 993 3688 stets
1028 3624 1132 3688 bei
1168 3644 1437 3694 grossen
1467 3624 1658 3686 Ideen
1693 3625 1807 3685 der
1841 3623 1987 3685 Fall
2022 3623 2127 3685 ist.
2168 3640 2236 3683 so
2273 3642 2406 3685 war

372 3718 529 3781 auch
572 3718 752 3780 diese
786 3716 962 3779 nicht
1019 3717 1133 3779 das
1169 3715 1472 3778 Resultat
1523 3716 1634 3777 des
1668 3712 2187 3777 Nachdenkens
2173 3713 2402 3792 irgend

372 3809 549 3872 eines
573 3808 1029 3887 Philosophen.
1061 3806 1239 3870 eines
1268 3805 1605 3869 einzelnen
1631 3804 2098 3868 Inäividuunis.
2126 3804 2403 3866 sondern

371 3899 463 3962 sie
516 3901 734 3962 wurde
786 3917 911 3960 von
965 3898 1079 3961 der
1129 3896 1558 3976 allgemeinen
1594 3894 2049 3974 Zeitriehtung
2098 3897 2401 3973 geboren.

370 3990 463 4052 sie
515 3990 674 4071 ging
724 4008 836 4051 aus
890 3987 1031 4050 dem
1088 3988 1334 4050 Herzen
1391 3986 1501 4049 des
1554 4005 1801 4066 gnuzen
1855 3985 2091 4047 Volkes
2143 3986 2397 4047 hervor.

369 4083 545 4145 Aber
618 4080 709 4144 sie
786 4099 921 4142 war
984 4078 1278 4158 Anfanes
1351 4078 1919 4153 versehwommen,
1996 4076 2124 4139 und
2199 4074 2401 4137 selbst

369 4177 559 4235 unter
609 4173 838 4233 denen,
892 4169 993 4232 die
1047 4170 1138 4230 sie
1190 4169 1254 4230 in
1309 4166 1771 4229 Wirklichkeit
1838 4171 2195 4229 umsetzten
2273 4164 2400 4226 und

370 4262 473 4325 ihr
522 4263 738 4325 Leben
792 4259 894 4323 für
947 4259 1037 4322 ste
1090 4259 1438 4340 hingaben.
1473 4277 1604 4320 war
1656 4256 1745 4320 sie
1798 4257 1880 4319 im
1921 4255 2171 4330 Bertun
2224 4253 2401 4317 nicht
