3066 4641
1413 335 1492 342 —
1595 299 1672 357 11
1775 335 1849 341 —

617 477 771 558 txas,
808 476 912 541 die
946 476 1066 542 wir
1097 480 1405 557 brennen,
1443 476 1547 542 die
1571 477 1904 559 Nahrung.
1944 477 2048 540 die
2083 496 2317 542 unsere
2352 477 2645 543 mensch-

613 569 785 633 liche
830 566 1168 632 Maschine
1239 569 1647 649 verbraucht,
1701 588 1805 632 um
1876 587 2073 632 unser
2118 568 2341 632 Leben
2392 589 2473 633 zu
2552 588 2647 629 er-

613 659 859 739 halten,
913 657 1018 721 die
1064 657 1415 739 Kleidung,
1467 658 1587 721 mit
1658 660 1774 722 der
1847 659 1961 721 der
2007 659 2276 721 Mensch
2327 658 2468 721 sich
2546 660 2649 721 be-

617 750 830 829 deckt,
879 767 987 811 um
1035 748 1261 811 seinen
1306 748 1562 827 Körper
1610 768 1690 811 zu
1739 749 2072 824 schützen,
2127 748 2243 811 das
2291 748 2499 814 Buch.
2533 748 2649 810 das

615 858 688 902 er
751 838 924 919 liest,
975 857 1081 902 um
1138 837 1277 902 sich
1325 839 1700 920 Belehrung
1747 859 1827 902 zu
1885 839 2095 917 holen,
2140 840 2211 919 ja
2260 840 2467 904 selbst
2543 838 2645 901 die

614 930 1307 1009 Luxusgegenstände,
1344 929 1462 991 mit
1510 931 1718 992 denen
1767 948 1838 991 er
1879 928 2017 991 sich
2052 928 2362 1008 umglebt,
2402 931 2646 992 ebenso

616 1018 1121 1099 vnumgänglich
1214 1019 1628 1099 notwendige
1696 1017 2191 1082 Erfordernisse
2283 1017 2390 1081 für
2465 1018 2646 1080 seine

615 1108 930 1173 Existenz
979 1108 1111 1172 und
1183 1111 1419 1174 ebenso
1477 1108 1974 1174 unentbehrlich
2045 1107 2151 1172 für
2225 1110 2344 1173 den
2398 1110 2649 1188 Kirtrag

617 1202 733 1263 der
776 1199 1185 1262 Produktion
1232 1200 1364 1262 und
1411 1200 1513 1263 für
1564 1200 1666 1262 die
1714 1199 2261 1263 fortschreitende
2309 1199 2643 1263 Entwick-

614 1291 773 1370 kung
807 1290 921 1352 des
947 1290 1748 1369 Menschengeschlechtes
1777 1290 1943 1366 sind,
1974 1290 2070 1352 als
2107 1289 2212 1352 die
2238 1288 2645 1351 Maschinen.

612 1379 964 1457 Fabriken,
1035 1378 1371 1443 Rohstoffe
1421 1380 1552 1443 und
1600 1380 1725 1444 alle
1806 1381 2091 1444 anderen
2163 1379 2643 1444 Produktions-

615 1471 843 1533 mittel.
926 1469 1033 1532 Sie
1081 1470 1337 1548 wissen.
1392 1472 1542 1533 dass
1593 1472 1698 1533 ein
1745 1471 2173 1534 Beibehalten
2225 1471 2337 1533 des
2388 1470 2645 1531 Privat-

613 1560 1001 1641 Eigentums
1051 1558 1156 1622 für
1213 1561 1366 1640 jene
1413 1560 1833 1623 Reichtümer
1882 1561 2044 1623 auch
2121 1560 2223 1623 die
2275 1559 2647 1622 Fortdauer

616 1652 731 1713 der
763 1648 1240 1730 Ungleichheit.
1295 1651 1409 1714 der
1444 1651 2009 1731 Unterdrückung.
2068 1651 2182 1713 der
2215 1651 2647 1731 Ausbeutwig

619 1742 939 1819 bedeutet.
985 1741 1292 1804 wodurch
1341 1761 1465 1804 von
1522 1742 1944 1805 vorneherein
1996 1740 2100 1803 die
2134 1741 2477 1803 Resultate
2533 1742 2646 1801 der

613 1849 1254 1911 vorangegangenen
1347 1832 1858 1911 Expropriation
1961 1830 2262 1893 zunichte
2357 1831 2642 1892 würden

614 1922 827 1985 Ueber
874 1920 981 1982 die
1027 1921 1728 1985 Absonderlichkeiten
1779 1922 1891 1985 des
1935 1919 2479 1985 Kollektivismus
2531 1921 2646 1982 der

617 2010 1041 2075 Theoretiker
1065 2010 1599 2092 hinweggeehend,
1630 2013 1948 2092 gelangen
1978 2011 2072 2074 sie
2100 2013 2386 2090 geraden
2410 2011 2645 2090 Weges

619 2120 700 2165 zu
771 2102 887 2164 der
935 2099 1274 2164 einfachen
1345 2103 1475 2164 und
1548 2101 1971 2180 praktischen
2021 2101 2217 2163 Form
2294 2102 2404 2162 des
2482 2100 2646 2162 anfı-

619 2191 1023 2255 autoritären
1071 2190 1616 2254 Kommunismus.

794 2282 941 2347 Und
1018 2281 1409 2345 tatsächlich
1503 2284 1816 2362 sprechen
1918 2282 2019 2345 die
2115 2281 2637 2345 revolutionären

612 2371 1012 2435 Proletarier
1059 2371 1127 2434 in
1175 2372 1362 2435 ihren
1411 2372 1990 2452 Versammlungen
2060 2371 2240 2450 klpp
2293 2371 2425 2433 und
2498 2371 2644 2432 klar

609 2481 738 2524 von
785 2462 988 2524 ihrem
1038 2463 1366 2524 Anrechte
1417 2481 1497 2524 an
1557 2463 1700 2524 dem
1763 2480 2017 2541 ganzen
2067 2461 2353 2523 sozialen
2406 2459 2638 2522 Reich-

609 2567 747 2616 tum
778 2553 910 2616 und
942 2570 1070 2616 von
1119 2553 1234 2615 der
1266 2552 1817 2633 Notwendigkeit.
1856 2553 1971 2615 das
2015 2552 2272 2615 Privat-
2296 2551 2637 2630 Eigentum

612 2644 853 2707 sowohl
901 2642 1007 2705 für
1078 2642 1183 2705 die
1233 2643 1638 2707 Gebrauchs-
1691 2644 1785 2705 als
1836 2641 1941 2704 für
2011 2641 2114 2705 die
2166 2641 2639 2703 Produktions-

610 2734 831 2795 \Verte
865 2732 1287 2796 aufzuheben.
1378 2734 1537 2810 „Am
1571 2734 1749 2813 Tage
1800 2733 1914 2794 der
1947 2731 2335 2794 Revolution
2379 2732 2638 2792 werden

612 2822 730 2886 wir
777 2843 898 2887 uns
972 2822 1134 2886 aller
1180 2823 1598 2887 Reichtümer
1647 2824 1780 2886 und
1839 2823 1999 2886 aller
2047 2821 2109 2885 in
2190 2825 2313 2885 den
2368 2822 2635 2883 Städten

610 2914 1072 2978 vorhandenen
1121 2914 1392 2977 Vorräte
1465 2913 1917 2992 bemächtigen
1967 2914 2098 2975 und
2151 2912 2244 2974 sie
2318 2931 2461 2974 zum
2517 2916 2638 2974 (ar-

610 3004 905 3084 meingut
934 3004 1117 3065 Aller
1149 3004 1490 3067 machen!“
1532 3023 1729 3083 sagen
1786 3003 1890 3065 die
1924 3002 2283 3064 führenden
2325 3002 2638 3063 Stimmen

613 3095 729 3158 der
773 3093 1313 3172 Arbeiterschaft,
1388 3095 1520 3157 und
1589 3094 1693 3157 die
1763 3093 2056 3157 Zuhörer
2125 3092 2497 3172 bestätigen
2572 3111 2640 3153 vs

610 3186 812 3248 durch
862 3184 1211 3265 einhellige
1256 3185 1726 3265 Zustimmung.

794 3276 1075 3353 „Nehme
1117 3276 1306 3354 jeder
1362 3295 1478 3338 aus
1552 3276 1670 3337 den
1735 3275 2071 3351 Vorräten,
2126 3293 2259 3335 was
2313 3292 2383 3333 er
2458 3270 2642 3349 nötig

607 3366 739 3447 hat,
791 3367 923 3431 und
994 3365 1214 3429 halten
1263 3364 1384 3430 wir
1440 3384 1560 3429 uns
1610 3362 1991 3434 versichert.
2047 3365 2197 3425 dass
2274 3362 2377 3424 die
2430 3362 2639 3423 Körn-

605 3455 799 3520 läden
846 3475 1118 3521 unserer
1151 3456 1378 3521 Städte
1427 3475 1644 3537 genug
1678 3453 2243 3533 Nahrungsmittel
2279 3452 2637 3515 enthalten.

605 3567 712 3609 um
758 3548 905 3611 Alle
961 3547 1060 3611 bis
1130 3548 1274 3609 dem
1323 3547 1500 3628 Tage
1549 3565 1630 3608 zu
1680 3544 1962 3623 speisen,
2017 3563 2099 3606 an
2149 3543 2461 3607 welchem
2537 3542 2640 3604 die

604 3636 769 3702 freie
800 3637 1207 3702 Produktion
1257 3637 1441 3700 ihren
1475 3636 1740 3716 Anfang
1786 3635 2061 3697 nehmen
2104 3634 2291 3698 wird.
2390 3633 2466 3695 In
2517 3633 2637 3696 den

603 3727 1261 3810 Kleidermagazinen
1313 3728 1426 3791 der
1484 3727 1710 3790 Städte
1760 3725 1848 3788 ist
1920 3725 2155 3787 Vorrat
2221 3743 2461 3805 genug.
2534 3742 2637 3786 un

604 3818 750 3881 Alle
799 3839 881 3882 zu
928 3818 1294 3891 bekleiden,
1333 3818 1642 3881 während
1695 3815 1992 3878 derselbe
2034 3815 2219 3893 jetzt,
2259 3813 2640 3894 angesichts

609 3909 722 3973 des
772 3909 1201 3990 allgemeinen
1249 3908 1514 3977 Elends.
1565 3905 1804 3970 keinen
1853 3905 2098 3968 Absatz
2161 3904 2376 3967 finden
2441 3904 2639 3966 Kann.

604 3999 693 4064 Ja
724 4019 921 4083 sogar
967 3999 1312 4080 genügend
1343 3997 2016 4079 Luxusgegenstände
2050 3995 2196 4060 sind
2234 3995 2639 4060 vorhanden.

605 4110 714 4154 um
779 4092 1178 4156 Jedermann
1248 4089 1412 4152 nach
1487 4089 1730 4151 seinem
1805 4086 2257 4150 Geschmacke
2331 4084 2643 4148 Auswahl

606 4203 686 4247 zu
735 4184 1125 4265 gestatten.“
