2979 4585
452 468 633 531 diese
678 466 919 549 Frage,
994 466 1099 531 die
1148 467 1292 530 eine
1363 473 1566 530 nennt
1637 467 1777 530 sich
1825 468 2217 532 Herrschaft
2291 470 2493 533 durch

454 559 569 620 das
621 558 806 636 Volk,
856 558 1256 636 Volksstaat,
1310 558 1415 620 die
1465 558 1705 621 andere
1754 559 2099 622 Anarchie.

640 648 821 711 Nach
902 649 1018 711 der
1093 648 1373 711 Ansicht
1451 649 1566 711 der
1660 648 2019 711 deutschen
2100 649 2492 713 Sozialisten

454 756 633 801 muss
686 738 804 800 der
851 737 1041 800 Staat
1088 757 1210 801 von
1274 738 1418 800 dem
1467 742 1804 817 gesamten
1853 738 2491 818 gesellschaftlichen

454 826 805 891 Reichtum
837 827 1062 891 Besitz
1114 826 1442 905 ergreifen
1477 828 1609 890 und
1641 827 1754 890 ihn
1788 833 1979 891 unter
2030 829 2136 892 die
2161 830 2492 894 Arbeiter-

455 917 964 980 Assoziationen
1014 918 1352 993 verteilen,
1406 937 1476 979 er
1522 937 1699 980 muss
1750 917 1855 980 die
1904 919 2313 982 Produktion
2361 921 2495 983 und

458 1008 584 1070 den
636 1007 1008 1070 Austausch
1067 1007 1133 1070 in
1208 1007 1312 1069 die
1362 1008 1553 1070 Hand
1624 1007 1900 1070 nehmen
1974 1009 2107 1071 und
2156 1011 2316 1072 über
2388 1008 2493 1072 die

455 1097 872 1175 persönliche
921 1096 1309 1175 Sicherheit.
1371 1097 1492 1160 wie
1562 1099 1722 1160 über
1795 1096 1900 1160 die
1947 1099 2492 1163 Existenzbedin-

457 1206 725 1267 gungen
776 1188 891 1250 der
940 1186 1379 1251 Gesellschaft
1425 1188 1711 1251 wachen.

641 1276 961 1357 Dagegen
1009 1278 1377 1357 behaupten
1439 1276 1543 1339 die
1593 1276 1989 1340 Sozialisten
2052 1279 2167 1341 (der
2213 1279 2492 1342 romani-

456 1366 660 1429 schen
709 1367 972 1430 Länder
1044 1366 1157 1430 auf
1202 1367 1431 1431 Grund
1479 1367 1657 1429 ihrer
1704 1366 2107 1448 Erfahrung.
2162 1369 2313 1432 dass
2386 1369 2493 1432 ein

454 1456 713 1519 solcher
761 1456 967 1536 Staat,
1020 1477 1188 1537 ganz
1240 1458 1609 1537 abgesehen
1683 1458 1915 1535 davon.
1970 1459 2121 1521 dass
2182 1460 2322 1521 sein
2372 1460 2491 1522 Be-

451 1547 681 1609 stehen
757 1548 1123 1626 überhaupt
1192 1546 1561 1626 unmöglich
1636 1547 1727 1609 sei
1783 1584 1860 1590 —
1917 1547 2021 1610 die
2094 1548 2492 1613 schlimnste

450 1636 782 1713 Tvrannel
832 1636 974 1699 sein
1022 1637 1262 1704 würde,
1314 1638 1447 1699 und
1497 1636 1589 1699 sie
1642 1636 1875 1699 stellen
1928 1638 2071 1700 dem
2123 1639 2320 1701 Ideal.
2376 1641 2491 1702 das

453 1727 569 1788 der
619 1726 1151 1807 Vergangenheit
1209 1737 1620 1790 entnommen
1670 1727 1774 1804 Ist,
1828 1727 1932 1789 ein
1983 1747 2181 1791 neues
2255 1748 2491 1809 gegen-

412 1818 638 1891 über:
695 1816 799 1878 die
848 1817 1193 1879 Anarchie.
1291 1816 1524 1879 Dieses
1574 1817 1758 1878 Wort
1807 1818 2115 1880 bedeutet
2179 1818 2281 1880 die
2333 1820 2491 1881 voll-

451 1905 755 1986 ständige
804 1905 1249 1987 Abschaffung
1309 1907 1423 1968 der
1457 1906 1727 1969 Staaten
1774 1908 1909 1969 und
1968 1907 2070 1970 die
2119 1908 2491 1990 Ersetzung

452 1996 791 2059 derselben
844 1997 1048 2059 durch
1098 1996 1202 2060 die
1250 1996 1459 2060 freien
1509 1996 2038 2077 Vereinigungen
2100 1999 2213 2061 der
2263 2000 2489 2062 Volks-

450 2085 686 2164 kräfte,
741 2087 856 2148 der
902 2087 1359 2149 Produzenten
1407 2088 1538 2148 und
1586 2087 2095 2150 Konsumenten.

631 2175 850 2238 Selbst
899 2176 1115 2256 einige
1162 2176 1514 2238 Etatisten.
1544 2178 1900 2257 Anhänger
1951 2178 2066 2239 der
2094 2178 2483 2241 Staatsidee.

449 2265 553 2328 die
627 2266 917 2347 weniger
987 2285 1113 2330 von
1171 2265 2035 2331 Herrschafts-Vorurteilen
2106 2269 2487 2332 beeinflusst

446 2375 688 2433 waren,
740 2358 1104 2436 gestanden
1153 2377 1252 2419 zu.
1293 2358 1443 2419 dass
1496 2356 1598 2418 die
1626 2358 1952 2420 Anarchie
2005 2360 2149 2421 eine
2198 2360 2485 2422 idealere

450 2443 919 2524 Organisation
993 2446 1321 2524 darstelle
1398 2446 1493 2508 als
1564 2446 1909 2528 diejenige.
1961 2449 2203 2511 welche
2285 2450 2487 2511 durch

451 2535 571 2597 den
626 2535 1005 2598 Volksstaat
1054 2556 1132 2598 zu
1182 2535 1516 2599 erreichen
1570 2535 1683 2599 sel.

628 2627 822 2688 Aber.
874 2625 1106 2688 fahren
1156 2626 1249 2688 sie
1300 2626 1448 2704 fort,
1488 2626 1590 2688 die
1625 2628 2076 2707 Möglichkeit.
2133 2630 2249 2691 das
2300 2649 2485 2691 anar-

449 2713 802 2777 chistische
850 2716 1032 2777 Ideal
1089 2736 1170 2777 zu
1218 2716 1739 2778 verwirklichen.
1791 2717 1955 2797 liegt
2002 2718 2070 2779 in
2142 2737 2210 2781 so
2261 2718 2490 2781 weiter

448 2803 685 2878 Ferne,
740 2805 890 2868 dass
942 2824 1010 2868 es
1070 2805 1317 2868 sinnlos
1376 2805 1481 2868 ist.
1537 2805 1675 2868 sich
1722 2805 1947 2870 “schon
2019 2808 2211 2871 heute
2286 2808 2488 2871 damit

452 2914 533 2956 zu
614 2895 1086 2975 beschäftigen.
1207 2895 1666 2958 Andererseits
1748 2900 1903 2960 aber
1982 2897 2144 2960 fehlt
2224 2918 2292 2960 es
2375 2900 2490 2960 der

453 2984 1019 3047 anarchistischen
1067 2985 1343 3047 Theorie
1395 3005 1476 3048 an
1536 2985 1715 3048 einer
1773 2986 2151 3066 greifbaren
2201 2989 2333 3050 und
2382 3008 2486 3050 zu-

456 3072 673 3153 eleich
754 3073 1094 3137 einfachen
1176 3073 1393 3152 Form.
1475 3096 1579 3138 um
1661 3075 1847 3140 ihren
1926 3079 2488 3158 Ausgangspunkt

447 3164 876 3245 festzulegen.
923 3184 1028 3227 um
1076 3165 1283 3227 ihrem
1320 3164 2003 3230 Gedankenreichtum
2039 3169 2295 3231 Gestalt
2347 3187 2488 3232 ver-

447 3253 665 3316 leihen
716 3274 797 3317 zu
844 3256 1124 3332 können,
1161 3256 1293 3317 und
1343 3275 1445 3318 um
1498 3276 1577 3318 zu
1628 3256 1877 3336 zeigen.
1916 3258 2067 3320 dass
2120 3258 2259 3320 sich
2310 3258 2487 3320 diese

449 3341 817 3406 (sedanken
868 3344 984 3407 auf
1028 3344 1171 3407 eine
1223 3344 1309 3406 im
1343 3346 1548 3408 Volke
1597 3346 1842 3409 bereits
1893 3346 2331 3410 existierende
2366 3347 2486 3409 Be-

447 3451 733 3515 wegung
782 3439 1059 3497 stützen.
1156 3434 1282 3498 Die
1332 3435 1801 3515 Organisation
1849 3456 1977 3502 von
2018 3437 2487 3501 Produktions-

449 3524 582 3585 und
632 3523 1573 3605 Konsumgenossenschaften,
1628 3526 1731 3589 die
1784 3526 1923 3589 sich
1972 3530 2133 3591 über
2192 3528 2294 3590 die
2345 3547 2487 3591 vor-

449 3613 923 3693 gezeichneten
998 3613 1299 3678 Grenzen
1369 3615 1603 3679 hinaus
1672 3618 2076 3681 verbrüdern
2147 3618 2280 3680 und
2349 3617 2489 3679 sich

449 3704 836 3767 ausserhalb
890 3706 1002 3768 des
1060 3706 1504 3769 bestehenden
1554 3706 1813 3771 Staates
1886 3708 2138 3777 stellen.
2191 3708 2489 3771 erschien

446 3794 618 3855 noch
669 3814 751 3857 zu
797 3794 1238 3858 unbestimmt.
1290 3815 1372 3858 zu
1405 3797 1621 3877 wenig
1668 3798 1788 3859 mit
1837 3799 1961 3860 den
2010 3797 2487 3860 tatsächlichen

446 3883 947 3947 Verhältnissen
998 3883 1645 3961 übereinstimmend:
1684 3887 1980 3967 zugleich
2019 3907 2171 3953 war
2219 3906 2287 3950 es
2338 3888 2489 3949 sehr

444 3973 650 4037 leicht
708 3974 1122 4054 einzusehen,
1175 3976 1327 4038 dass
1385 3976 1529 4040 eine
1588 3978 1807 4040 solche
1857 3977 2323 4058 Organisation
2372 3996 2484 4039 un-

452 4063 733 4143 möglich
808 4064 913 4127 die
961 4064 1442 4146 Vielfältigkeit
1500 4068 1974 4131 menschlicher
2021 4067 2486 4147 Beziehungen

445 4152 513 4215 in
553 4153 693 4218 sich
740 4153 1077 4235 begreifen
1110 4155 1343 4219 könne.
1471 4157 1561 4219 Es
1597 4161 1841 4221 musste
1878 4158 2079 4221 daher
2112 4157 2254 4221 eine
2289 4157 2486 4219 Form
