2979 4585
372 494 576 559 selbst
642 493 747 557 die
819 492 886 555 in
960 491 1075 555 der
1122 489 1352 571 Wiege
1426 488 1895 555 dahinsterben
1967 488 2131 553 seht.
2249 489 2407 553 Man

370 584 535 650 wird
564 583 895 664 hingehen
926 583 1060 646 und
1103 580 1208 645 die
1240 581 1719 645 Verwundeten
1775 598 1892 644 aus
1921 581 2067 644 dem
2098 580 2410 645 Lazarett

370 675 583 754 holen,
633 693 738 738 um
798 672 892 736 sie
940 691 1059 737 vor
1104 671 1328 735 Enren
1372 671 1606 751 Augen
1676 669 1795 734 mit
1867 670 2012 734 dem
2058 670 2405 751 Bajonette

372 765 441 828 in
488 762 729 828 Stücke
779 782 861 827 zu
909 762 1274 826 zerhacken
1325 761 1456 825 und
1502 760 1622 824 mit
1693 761 1838 824 dem
1888 759 2406 825 Gewehrkolben

373 855 442 918 in
474 854 715 918 Stücke
764 873 846 917 zu
894 851 1351 932 zerstampfen.
1448 852 1642 914 Dann
1674 850 1841 916 wird
1889 869 2037 913 man
2088 850 2199 928 sie,
2237 851 2404 914 noch

372 945 626 1022 lebend,
679 963 777 1007 am
839 942 1325 1022 zersplitterten
1373 941 1577 1005 Beine
1650 942 1806 1005 oder
1879 960 1981 1003 am
2050 941 2405 1004 blutenden

372 1038 570 1098 Arme
616 1032 1087 1098 hervorziehen
1120 1032 1255 1095 und
1286 1031 1355 1093 in
1390 1032 1513 1095 den
1548 1032 2105 1111 Strassengraben
2137 1028 2411 1108 werfen,

372 1125 496 1190 wie
543 1124 842 1204 blutigen
900 1122 1229 1186 Kehricht.
1281 1160 1365 1166 —
1400 1122 1511 1185 Ihr
1559 1125 1766 1184 müsst
1798 1123 2079 1184 sterben.
2119 1122 2404 1199 sterben,

375 1217 639 1279 sterben
656 1212 781 1296 !“”)

553 1304 741 1377 Wird
802 1303 917 1366 das
965 1303 1150 1379 Volk.
1205 1303 1321 1365 das
1380 1301 1447 1364 in
1508 1302 1621 1365 der
1693 1306 2149 1381 grausamsten
2197 1298 2415 1362 Weise

374 1416 455 1459 zu
488 1395 879 1459 Tausenden
930 1392 1581 1473 dahingeschlachtet
1605 1392 1826 1455 wurde
1879 1391 2082 1454 durch
2115 1390 2408 1468 Foltern,

374 1488 643 1565 Hunger
693 1486 822 1547 und
873 1485 999 1547 alle
1070 1483 1533 1546 erdenklichen
1582 1480 2157 1545 Raffiniertheiten
2230 1481 2411 1543 einer

376 1574 748 1656 zügellosen
827 1573 1221 1652 Rachsucht,
1272 1572 1437 1637 wird
1502 1571 1714 1635 dieses
1748 1571 1915 1634 Volk
1966 1570 2144 1633 diese
2180 1569 2409 1634 Gross-

376 1670 554 1729 taten
608 1665 722 1728 der
768 1663 1210 1744 blutgierisen
1263 1662 1674 1726 Gemeinheit
1726 1662 1959 1742 jemals
2008 1658 2408 1741 vergessen?

556 1755 826 1818 Damals
874 1754 1044 1818 wohl
1094 1773 1173 1816 zu
1221 1753 1446 1815 Boden
1496 1752 1846 1832 geworfen.
1878 1754 2034 1815 aber
2081 1751 2260 1813 nicht
2307 1752 2415 1813 be-

378 1845 568 1925 siegt.
598 1845 762 1909 wird
798 1844 902 1907 die
935 1844 1297 1906 Kommune
1333 1842 1623 1905 dereinst
1655 1841 2222 1905 wiedererstehen.
2276 1839 2424 1904 Und

383 1937 502 1999 das
538 1935 629 1999 ist
660 1935 843 1999 nicht
889 1934 1072 1998 mehr
1120 1933 1295 1997 bloss
1347 1933 1463 1996 der
1496 1934 1734 1996 Traum
1784 1931 2145 2011 Besiegter.
2201 1930 2306 1994 die
2353 1929 2422 1992 in

378 2027 555 2089 ihrer
603 2025 958 2088 Phantasie
1032 2024 1136 2087 ein
1210 2025 1483 2086 schönes
1533 2023 1851 2102 Trugbild
1926 2023 2040 2084 der
2088 2020 2417 2099 Hoffnung

377 2115 743 2191 liebkosen:
826 2114 1004 2177 nein!
1124 2113 1248 2176 Die
1320 2113 1680 2175 Kommune
1758 2112 1925 2174 wird
2003 2130 2149 2173 zum
2228 2110 2423 2173 sicht-

378 2209 600 2284 baren.
637 2205 862 2269 scharf
912 2204 1314 2268 umrissenen
1377 2202 1537 2266 Ziel.
1634 2202 1770 2265 Der
1820 2201 2132 2265 Gedanke
2196 2200 2424 2264 durch-

382 2296 605 2376 dringt
656 2296 759 2359 die
809 2297 1094 2373 Massen,
1148 2313 1219 2357 er
1290 2294 1471 2374 giebt
1528 2293 1723 2356 ihnen
1797 2291 1902 2355 ein
1951 2292 2233 2363 Banner,
2283 2290 2416 2354 und

380 2386 501 2450 wir
556 2392 877 2449 erwarten
938 2383 1461 2461 zuversichtlich.
1517 2385 1667 2446 dass
1742 2382 1847 2444 die
1911 2381 2159 2462 jetzige
2209 2379 2416 2444 Gene-

378 2475 593 2539 ration
662 2476 777 2538 der
846 2473 1272 2554 unwürdigen
1346 2472 1777 2553 bourgeoisen
1829 2473 2256 2550 Ausbeutung
2305 2469 2411 2533 ein

379 2567 565 2630 Ende
613 2567 903 2630 machen.
957 2566 1080 2628 den
1130 2564 1415 2628 Völkern
1466 2564 1569 2627 die
1620 2562 1964 2627 staatliche
2014 2562 2409 2625 Bevornmun-

382 2658 558 2737 dung
628 2675 769 2719 vom
828 2656 1023 2718 Halse
1075 2654 1381 2732 schaffen,
1458 2655 1525 2716 in
1600 2654 1715 2715 der
1762 2652 2228 2731 Entwicklung
2296 2651 2412 2713 der

380 2745 861 2808 menschlichen
896 2748 1019 2807 Art
1067 2743 1210 2806 eine
1238 2748 1411 2807 Aera
1462 2745 1577 2806 der
1623 2742 1937 2820 Freiheit.
1993 2742 2107 2803 der
2157 2739 2411 2803 trleich-

382 2836 536 2914 heit,
590 2836 704 2900 der
753 2834 1137 2900 Solidarität
1185 2834 1649 2916 inaugurieren
1697 2832 1883 2897 wird.

1366 3069 1446 3132 1.

562 3197 773 3260 Schon
854 3198 937 3258 55
986 3197 1191 3259 Jahre
1264 3201 1537 3258 trennen
1618 3213 1736 3257 uns
1818 3214 1946 3257 von
2020 3195 2164 3256 dem
2223 3193 2421 3271 Tage.

385 3307 464 3350 an
518 3288 660 3350 dem
711 3288 828 3349 das
877 3287 1041 3349 Volk
1091 3306 1219 3350 von
1266 3284 1455 3348 Paris
1503 3286 1650 3366 jene
1683 3284 2061 3364 Regierung
2110 3301 2236 3346 von
2269 3281 2424 3343 Ver-

383 3381 607 3441 räteın
656 3381 923 3455 stürzte,
1001 3376 1105 3440 die
1176 3375 1316 3439 sich
1365 3374 1491 3438 seit
1564 3376 1707 3451 dem
1764 3373 1914 3438 Fall
1988 3374 2099 3436 des
2157 3371 2424 3435 Kaiser-

383 3468 596 3531 reichs
649 3469 764 3530 der
814 3468 1070 3531 Gewalt
1114 3466 1515 3546 bemächtigt
1584 3467 1831 3543 hatten.
1897 3464 2033 3527 sich
2087 3463 2182 3527 als
2229 3461 2423 3525 Kom-

384 3577 575 3621 mune
622 3557 1086 3620 konstituierte
1136 3557 1267 3619 und
1301 3556 1481 3619 seine
1516 3556 1810 3619 absolute
1843 3551 2426 3634 Unabhängigkeit

386 3648 807 3714 verkündete.
904 3647 1052 3712 Und
1126 3646 1288 3711 doch
1359 3645 1614 3710 richten
1687 3644 1825 3709 sich
1897 3662 2133 3708 unsere
2190 3641 2420 3705 Blicke

385 3739 614 3802 immer
682 3740 849 3802 noch
920 3738 1036 3801 auf
1070 3738 1267 3818 jenen
1317 3737 1458 3817 Tag
1529 3738 1643 3800 des
1697 3737 1797 3799 18.
1835 3736 2016 3798 März
2071 3734 2263 3812 1811.
2339 3752 2421 3795 an

386 3828 501 3892 ihn
547 3827 835 3908 knüpfen
909 3828 1046 3891 sich
1120 3845 1353 3891 unsere
1423 3828 1651 3890 besten
1700 3825 2243 3905 Erinnerungen
2222 3822 2262 3908 :
2307 3822 2424 3885 das

386 3918 785 3983 Proletariat
854 3918 1081 3982 beider
1129 3917 1385 3981 Welten
1457 3917 1547 3980 ist
1611 3915 1878 3997 gewillt,
1956 3913 2058 3978 die
2109 3911 2425 3995 jährliche

348 4172 351 4173 |
535 4100 588 4159 *)
663 4098 833 4151 Diese
875 4098 1287 4151 vorstehenden
1326 4097 1519 4148 Zeilen
1582 4097 1703 4147 sind
1764 4096 1863 4147 der
1905 4094 2272 4156 „Geschichte
2333 4093 2433 4144 der

389 4188 745 4242 Kommune‘
788 4207 891 4241 von
934 4189 1153 4241 Arthur
1194 4187 1453 4239 Arnould
1495 4190 1867 4238 entnommen.
