3026 4615
1386 350 1467 409 _-
1567 350 1647 409 2
1750 384 1825 392 —

756 527 991 592 Dieses
1038 525 1181 591 Ziel
1228 533 1400 592 wäre
1473 527 1687 591 sicher
1759 527 2043 591 erreicht
2089 528 2373 606 worden,
2424 547 2615 593 wenn

581 619 689 682 die
731 617 1124 684 Revolution
1173 618 1286 680 des
1340 618 1440 678 18.
1476 619 1658 680 März
1709 618 1898 681 ihren
1955 618 2369 685 natürlichen
2425 619 2617 699 Gang

578 709 764 772 hätte
811 707 1023 789 gehen
1067 708 1348 786 können,
1399 725 1591 771 wenn
1640 707 1757 770 das
1805 708 1973 771 Volk
2022 725 2150 771 von
2196 707 2388 771 Paris
2436 708 2619 770 nicht

579 795 1159 879 niedergemetzelt
1181 797 1448 861 worden
1468 802 1643 869 wäre
1668 816 1798 862 von
1826 797 1951 861 den
1976 797 2285 861 Mördern
2313 816 2438 861 von
2464 798 2617 861 Ver-

580 887 820 952 sailles.
901 887 979 950 In
1033 887 1149 949 der
1179 887 1305 949 Tat
1349 885 1672 967 verfolgte
1723 889 1839 950 das
1866 888 2034 950 Volk
2081 907 2208 951 von
2235 888 2424 951 Paris
2474 907 2622 952 vom

580 979 802 1040 ersten
826 977 1005 1057 Tage
1033 975 1248 1039 seiner
1270 976 1854 1057 Unabhängigkeit
1879 996 1961 1039 an
1991 977 2096 1039 die
2129 976 2448 1057 Aufgabe.
2479 977 2622 1040 eine

578 1067 784 1147 klare,
816 1064 1322 1131 übersichtliche
1368 1066 1501 1129 und
1552 1066 1713 1129 aller
1745 1066 1919 1148 Welt
1951 1066 2436 1131 verständliche
2470 1067 2623 1129 Idee

581 1177 664 1220 zu
687 1155 925 1235 finden,
962 1155 1087 1235 die,
1123 1156 1193 1219 in
1223 1156 1477 1237 wenige
1501 1157 1727 1220 Worte
1761 1156 2407 1237 zusammengefasst.
2446 1167 2614 1238 sagt,

580 1265 715 1311 was
764 1265 880 1310 zur
905 1245 1314 1326 Vollendung
1363 1246 1475 1309 des
1510 1246 2197 1312 Revolutionswerkes
2249 1247 2616 1327 geschehen

578 1339 839 1400 müsste.
935 1334 1153 1398 Allein
1179 1334 1324 1399 eine
1348 1334 1677 1400 wahrhaft
1725 1354 1953 1417 grosse
1979 1337 2131 1399 Idee
2179 1338 2428 1400 wächst
2476 1336 2616 1399 sich

578 1425 1076 1490 nichtaneinem
1103 1424 1405 1505 einzigen
1428 1426 1607 1503 Tage
1639 1446 1773 1504 aus,
1819 1427 2175 1489 wieschnell
2203 1428 2367 1490 auch
2389 1426 2615 1489 inımer

582 1515 687 1579 die
733 1514 1179 1595 Ausbreitung
1249 1516 1382 1578 und
1449 1516 1888 1596 Verbreitung
1958 1535 2085 1578 von
2158 1535 2365 1578 neuen
2416 1516 2613 1578 Ideen

582 1604 892 1670 während
923 1604 1441 1669 revolutionärer
1473 1605 1798 1668 Perioden
1831 1605 1945 1668 sei.
2045 1605 2221 1667 Stets
2254 1606 2609 1669 brauchten

580 1695 781 1759 Ideen
829 1694 970 1758 eine
1032 1694 1309 1775 gewisse
1357 1694 1522 1775 Zeit,
1573 1715 1678 1758 um
1730 1695 1869 1758 sich
1919 1715 1999 1758 zu
2050 1695 2460 1758 entwickeln.
2513 1715 2616 1758 um

580 1785 650 1848 in
697 1785 803 1848 die
849 1785 1113 1847 Massen
1161 1784 1652 1866 einzudringen,
1701 1805 1807 1848 um
1858 1785 1995 1848 sich
2045 1785 2112 1847 in
2146 1786 2352 1848 Taten
2402 1804 2620 1848 umzu-

584 1878 807 1937 setzen
880 1911 958 1917 —
1028 1875 1161 1936 und
1233 1873 1411 1937 diese
1459 1875 1607 1937 Zeit
1653 1874 1856 1937 fehlte
1929 1875 2044 1937 der
2112 1875 2381 1937 Pariser
2427 1875 2619 1937 Kom-

583 1983 792 2028 mune.
889 1963 997 2028 Sie
1066 1963 1268 2027 fehlte
1340 1964 1443 2027 ihr
1513 1985 1619 2028 um
1692 1984 1759 2029 so
1833 1966 2034 2028 mehr.
2097 1965 2191 2028 als
2263 1985 2380 2030 vor
2453 1965 2612 2027 zeim

583 2055 833 2118 Jahren
906 2053 1010 2116 die
1079 2054 1276 2117 Ideen
1350 2055 1463 2117 des
1511 2055 1865 2118 modernen
1915 2054 2338 2118 Sozialismus
2414 2055 2621 2117 selbst

587 2144 732 2206 eine
778 2143 1154 2224 Wandlung
1228 2144 1788 2206 durchzumachen
1860 2145 2104 2206 hatten.
2221 2145 2342 2206 Die
2415 2144 2610 2206 Kon-

582 2252 773 2298 mune
820 2234 1088 2297 erstand
1136 2252 1498 2314 sozusagen
1532 2233 1856 2298 zwischen
1891 2234 2052 2297 zwei
2088 2234 2613 2314 Entwicklungs-

582 2324 890 2404 Epochen
951 2324 1064 2386 des
1112 2324 1464 2387 modernen
1512 2323 1953 2387 Sozialismus.

758 2413 854 2475 Im
900 2413 1104 2476 Jahre
1158 2413 1322 2475 1871
1386 2414 1569 2475 hatte
1629 2414 1743 2476 der
1792 2413 2166 2477 autoritäre.
2220 2414 2403 2475 mehr
2464 2413 2620 2474 oder

582 2502 870 2585 weniger
940 2502 1249 2583 religlöse
1314 2501 1948 2566 Staatssozialismus
2018 2502 2253 2566 keinen
2329 2502 2619 2565 Einfluss

583 2593 764 2656 mebr
834 2592 948 2656 auf
1016 2593 1120 2655 die
1167 2593 1592 2672 praktischen
1648 2594 1780 2655 vnd
1833 2592 2312 2656 freiheitlichen
2364 2593 2624 2656 (eister

584 2700 853 2746 unserer
928 2683 1211 2761 Epoche.
1291 2683 1409 2745 Wo
1463 2690 1634 2746 wäre
1722 2684 1915 2745 heute
2005 2684 2120 2744 der
2208 2683 2465 2745 Pariser
2542 2702 2621 2744 zu

584 2771 822 2852 finden,
875 2772 989 2835 der
1035 2771 1287 2836 willens
1336 2778 1528 2851 wäre.
1582 2772 1721 2835 sich
1764 2771 1831 2834 in
1882 2772 1987 2835 ein
2036 2771 2617 2851 kasernenartiges

584 2860 1173 2943 Phalansterium”)
1232 2861 1610 2942 einsperren
1667 2882 1749 2925 zu
1804 2861 2065 2925 lassen?
2160 2861 2621 2926 Andererseitn

585 2951 761 3016 blieb
835 2952 949 3015 der
1017 2951 1577 3029 Kollektivismus,
1652 2952 1767 3014 der
1840 2952 1943 3014 die
2018 2952 2433 3031 IKintlohnung
2508 2953 2621 3013 des

585 3042 1043 3106 Produzenten
1112 3040 1231 3104 mit
1302 3042 1446 3104 dem
1516 3041 2238 3122 Kollektiv-Eigentum
2308 3041 2614 3104 vereinen

585 3131 740 3212 will,
777 3132 1100 3195 durchaus
1134 3133 1640 3210 unverstanden,
1676 3133 1808 3194 und
1844 3133 2045 3195 durch
2091 3131 2195 3194 die
2230 3130 2617 3211 Schwierig-

584 3221 833 3301 keiten,
886 3221 992 3284 die
1042 3221 1180 3284 sich
1231 3221 1448 3284 seiner
1517 3221 1941 3300 praktischen
1990 3223 2420 3301 Anwendung
2493 3231 2625 3283 eııt-

586 3311 1083 3393 gegenstellten,
1131 3329 1253 3391 zog
1301 3330 1372 3374 er
1417 3331 1542 3374 nur
1573 3310 1849 3391 Wenige
1899 3331 1999 3374 an.
2099 3312 2245 3373 Und
2297 3312 2414 3373 der
2462 3312 2624 3372 freie

585 3401 1111 3465 Kommunismus
1188 3406 1322 3464 trat
1402 3401 1651 3464 damals
1730 3402 1929 3464 kaum
2010 3421 2090 3463 zu
2162 3401 2369 3481 Tage;
2455 3402 2621 3462 denn

586 3492 755 3555 noch
809 3492 1054 3554 konnte
1102 3510 1174 3554 er
1222 3510 1290 3554 es
1361 3492 1543 3554 nicht
1589 3510 1838 3570 wagen,
1893 3491 2030 3554 sich
2107 3491 2230 3553 den
2282 3489 2623 3570 Angriffen

590 3582 705 3645 der
750 3581 1191 3647 Bewunderer
1250 3580 1363 3644 des
1411 3578 2115 3662 Herrschaftssystems
2178 3586 2628 3643 auszusetzen.

765 3670 848 3735 So
952 3671 1291 3736 herrschte
1411 3669 2080 3735 Unentschiedenheit
2194 3674 2386 3733 unter
2504 3670 2622 3733 den

589 3760 914 3841 Geistern,
963 3762 1098 3825 und
1147 3762 1351 3824 selbst
1400 3761 1504 3824 die
1553 3760 1944 3824 Sozialisten
1993 3762 2222 3823 hatten
2271 3760 2454 3822 nicht
2503 3760 2627 3822 den

586 3850 748 3929 Mut,
822 3849 960 3913 sich
1034 3870 1115 3913 an
1189 3849 1293 3913 die
1341 3849 1788 3930 Vernichtung
1862 3851 1975 3914 des
2027 3848 2627 3928 Privateigentums

588 3959 670 4003 zu
714 3940 1007 4021 machen,
1059 3941 1142 4004 da
1192 3939 1287 4004 sie
1334 3940 1489 4003 kein
1521 3939 1761 4019 klares,
1797 3938 2000 4003 festes
2052 3938 2195 4003 Ziel
2244 3957 2363 4003 vor
2395 3938 2627 4020 Augen

734 4137 787 4205 *,
862 4136 1170 4206 Wohnung
1229 4137 1343 4189 und
1382 4136 1821 4190 Arbeitsanstalt
1880 4137 1970 4186 für
2008 4138 2113 4187 400
2151 4134 2426 4187 Familien
2490 4137 2628 4188 nach

589 4230 716 4283 dem
756 4226 976 4298 System
1017 4230 1114 4282 des
1158 4230 1496 4281 autoritären
1540 4225 1875 4279 Sozialisten
1913 4225 2167 4280 Fourier.
