3018 4610
1399 310 1484 316 —
1580 283 1618 334 8)
1713 311 1798 318 —

577 450 951 532 geschaffen
993 452 1274 531 werden.
1329 451 1434 515 die
1481 453 1721 533 klarer,
1773 455 2254 533 abgerundeter
2301 458 2434 520 und
2482 458 2614 522 ein-

575 542 1000 606 leuchtender
1047 562 1201 622 war,
1240 541 1347 606 die
1396 545 1552 606 aber
1600 544 1764 607 auch
1813 543 1955 608 ihre
2001 544 2422 627 wichtigsten
2467 548 2615 613 Eie-

574 641 792 695 mente
886 652 1001 696 aus
1098 634 1214 696 der
1291 633 1852 696 Tatsächlichkeit
1946 635 2059 698 des
2139 637 2261 698 Vor
2228 594 2609 702 handenen

573 722 878 802 gewinnt.

751 812 1115 894 Natürlich,
1166 832 1356 878 wenn
1405 831 1473 876 es
1525 812 1664 877 sich
1733 832 1842 877 um
1887 813 2104 878 nichts
2155 818 2432 882 anderes
2504 839 2612 901 ge-

572 903 844 965 handelt
912 903 1114 982 hätte,
1168 904 1265 966 als
1316 904 1563 983 darum,
1617 903 1759 966 eine
1807 905 2085 967 Theorie
2135 908 2610 988 auszuhecken,

572 990 879 1071 fürwahr,
931 991 1052 1055 wir
1107 993 1335 1055 hätten
1394 1001 1653 1074 gesagt:
1751 992 1983 1057 Blosse
2030 995 2353 1059 Theorien
2399 998 2611 1062 haben

570 1101 696 1145 nur
753 1082 1071 1164 geringen
1118 1083 1320 1147 Wert.
1418 1084 1595 1146 Aber
1642 1101 1712 1147 so
1783 1083 1979 1165 lange
2028 1084 2172 1149 eine
2243 1106 2409 1151 neue
2455 1080 2610 1153 Idee

577 1173 763 1235 nicht
807 1172 996 1236 ihren
1043 1174 1273 1236 klaren
1321 1174 1670 1237 Ausdruck
1717 1173 2043 1260 gefunden
2092 1176 2226 1253 hat.
2278 1178 2610 1242 bestimmt

580 1263 1034 1326 umschrieben
1103 1264 1236 1326 und
1313 1263 1433 1326 mit
1511 1264 1655 1327 dem
1720 1260 2179 1328 Bestehenden
2257 1269 2604 1333 rechnend.

562 1353 742 1416 kamn
792 1352 886 1417 sie
960 1353 1100 1417 sich
1170 1353 1354 1416 nicht
1425 1354 1542 1416 der
1590 1354 1853 1417 treister
1921 1355 2380 1438 bemächtigen
2452 1360 2608 1423 oder

565 1463 684 1522 gar
756 1444 1089 1507 dieselben
1162 1464 1243 1507 zu
1316 1443 1526 1508 einem
1597 1445 2406 1527 Entscheidungskampfe
2494 1471 2604 1513 an-

561 1532 808 1596 feuern.
905 1534 1042 1597 Das
1093 1534 1258 1596 Volk
1305 1533 1484 1597 wirft
1554 1535 1692 1597 sich
1739 1534 1924 1596 nicht
1992 1534 2095 1597 ins
2144 1537 2600 1602 Unbekannte.

563 1623 726 1686 ohne
778 1623 916 1686 sich
967 1621 1081 1687 auf
1135 1622 1281 1687 eine
1356 1624 1722 1688 bestimmte
1771 1624 1905 1687 und
1977 1625 2124 1687 klar
2195 1627 2600 1693 formulierte

560 1714 711 1777 idee
763 1719 1022 1777 stützen
1071 1734 1152 1777 zu
1199 1716 1479 1792 können,
1519 1715 1625 1778 die
1650 1715 1801 1792 ihm,
1827 1734 2211 1795 sozusagen.
2244 1737 2326 1780 an
2354 1719 2599 1783 seinem

559 1805 1160 1884 Auseangspunkte
1213 1823 1308 1867 als
1359 1804 1797 1885 Sprungbrett
1846 1804 2045 1868 dient.

738 1912 888 1976 Und
938 1912 1154 1975 dieser
1202 1914 1767 2046 Ausganaspunkt
1818 1912 1983 1976 wird
2032 1934 2154 1977 uns
2203 1935 2352 1978 vom
2376 1917 2597 1982 Leben

561 2004 764 2065 selbst
814 2004 1164 2082 gewiesen.

735 2345 915 2409 Fünf
957 2347 1221 2409 Monate
1269 2346 1425 2425 lang
1473 2365 1609 2407 war
1656 2345 1846 2407 Paris
1899 2347 2099 2409 durch
2164 2348 2267 2410 die
2318 2349 2597 2430 Belage-

554 2455 722 2515 rung
772 2437 1015 2499 seitens
1090 2438 1205 2499 der
1256 2436 1611 2499 deutschen
1660 2437 1895 2497 Armee
1943 2455 2070 2500 von
2146 2438 2261 2499 der
2308 2439 2593 2501 Aussen-

554 2526 708 2606 welt
756 2526 1275 2607 abgeschnitten,
1313 2525 1531 2606 einzig
1581 2524 1696 2588 auf
1726 2524 1864 2588 sich
1915 2526 2122 2590 selbst
2156 2529 2590 2609 angewiesen.

554 2617 687 2679 und
737 2617 915 2679 seine
964 2617 1431 2696 Bevölkerung
1476 2617 1660 2678 hatte
1711 2617 2043 2679 erkennen
2102 2619 2377 2698 gelernt,
2430 2623 2591 2682 über

552 2707 797 2768 welche
892 2706 1415 2789 ökonomischen,
1510 2706 1946 2768 moralischen
2040 2710 2172 2770 und
2267 2708 2588 2789 geistigen

551 2795 984 2874 Hilfsquellen
1036 2796 1131 2859 sie
1179 2795 1492 2876 verfügen
1566 2797 1835 2858 konnte:
1882 2798 1973 2878 ja,
2026 2798 2143 2861 das
2195 2760 2360 2861 Volk
2406 2760 2590 2862 hatte

553 2887 734 2950 seine
781 2887 1004 2950 Macht
1049 2888 1198 2949 klar
1248 2888 1527 2949 erkannt
1576 2888 1708 2949 und
1741 2889 1912 2950 üben
1959 2888 2235 2967 gelernt.
2336 2889 2591 2953 Gleich-

552 2976 758 3056 zeitig
827 2996 963 3041 war
1034 2996 1103 3039 es
1178 2979 1333 3039 aber
1406 2977 1570 3039 auch
1641 2996 1758 3039 zur
1804 2975 2111 3040 Einsicht
2182 2979 2585 3057 gekommen,

553 3066 705 3130 dass
757 3065 862 3129 die
888 3067 1109 3130 Horde
1155 3067 1386 3130 blöder
1435 3066 1827 3146 Schwätzer,
1882 3066 1986 3130 die
2036 3067 2171 3131 sich
2228 3067 2333 3131 die
2365 3069 2590 3132 Macht

552 3161 899 3222 anmasste,
950 3157 1165 3220 nichts
1215 3157 1317 3220 ins
1366 3158 1567 3221 Werk
1616 3177 1693 3219 zu
1747 3161 1971 3220 setzen
2021 3157 2103 3220 Im
2135 3159 2381 3221 Stande
2428 3179 2583 3222 war.

547 3247 767 3310 weder
839 3245 943 3310 die
991 3248 1044 3310 V
1049 3247 1469 3327 erteidigeung
1515 3245 1980 3326 Frankreichs,
2032 3249 2199 3310 noch
2273 3248 2378 3311 die
2425 3248 2586 3311 För-

551 3337 805 3417 derung
877 3337 991 3400 der
1061 3337 1333 3401 imneren
1402 3335 1885 3417 Entwicklung.
2003 3337 2141 3401 Das
2212 3337 2377 3401 Volk
2448 3340 2582 3403 salı.

544 3427 672 3490 wie
762 3427 869 3490 die
939 3427 1320 3508 Regierung
1415 3426 1554 3490 sich
1625 3426 1855 3505 Allem,
1951 3446 2086 3490 was
2183 3429 2386 3492 durch
2480 3430 2585 3494 die

543 3517 933 3599 Intelligenz
1029 3518 1210 3581 einer
1303 3521 1573 3598 grossen
1643 3516 1834 3580 Stadt
1926 3518 2108 3580 hätte
2202 3538 2319 3582 zur
2388 3519 2584 3583 Blüte

545 3608 863 3688 gebracht
908 3610 1173 3673 werden
1242 3609 1522 3687 Können,
1576 3608 2142 3688 entgegenstellte
2238 3610 2331 3673 Ks
2401 3610 2584 3673 hatte

543 3699 710 3762 noch
760 3699 1175 3779 wichtigeres
1249 3699 1469 3778 einges
1445 3698 1668 3762 sehen:
1723 3716 1792 3760 es
1864 3700 2183 3763 erkannte
2256 3700 2362 3764 die
2411 3700 2583 3765 Ohn-

544 3789 763 3851 macht
854 3790 988 3852 und
1064 3789 1497 3869 Unfähigkeit
1581 3786 1904 3868 jeglicher
1980 3789 2380 3870 Regierung,
2478 3792 2582 3853 ein

544 3896 805 3958 grosses
856 3879 1158 3959 Unglück
1232 3879 1663 3943 abzuwehren
1733 3879 1867 3941 und
1941 3879 2046 3942 die
2116 3880 2583 3961 Fintwicklung

542 3988 624 4033 zu
716 3967 1002 4033 fördern.
1120 3970 1212 4033 Es
1306 3971 1488 4033 hatte
1567 3969 1877 4033 während
1973 3971 2089 4034 der
2159 3972 2582 4052 Belagerung

542 4063 734 4122 unter
809 4060 936 4122 den
995 4060 1534 4123 entsetzlichsten
1593 4060 1974 4122 Zuständen
2043 4061 2340 4140 gelitten,
2389 4065 2585 4124 unter

542 4149 687 4213 dem
734 4149 949 4213 Elend
999 4151 1115 4215 der
1162 4150 1467 4214 Arheiter
1538 4150 1670 4212 und
1718 4149 2131 4232 Verteidiger
2203 4151 2320 4214 der
2367 4149 2578 4229 Stadt,
